3038 4934
606 248 819 312 ..31..

168 415 321 492 proprium
337 412 434 472 locum
451 411 586 471 obtinere
602 420 743 487 recteque
754 408 896 470 Wirzium
911 410 947 470 de
962 429 1065 471 eorum
1081 411 1254 470 auctoritate

167 513 306 571 statuisse
330 509 466 590 probant.
779 516 781 521 '

256 626 337 697 Quae
361 628 459 686 omnia
483 644 550 686 curn
576 626 779 703 quaestionem
801 626 981 702 propositam
1002 624 1255 703 impeditissirnam

167 723 291 784 reddant
305 724 390 784 aliam
405 725 572 802 excogitare
588 722 690 782 studui
704 721 906 800 explicationis
923 723 995 780 viam
1012 721 1165 800 dicamque
1181 741 1255 800 quae

168 822 239 881 mibi
258 841 322 882 rem
342 825 449 882 iterum
470 824 638 899 iterumque
657 819 833 897 ponderanti
852 818 1013 897 probabilia
1030 821 1089 878 visa
1105 829 1182 879 sunt.
1213 829 1255 879 et-

168 922 246 980 enim
263 919 359 980 Caroli
375 920 472 998 Magni
492 926 587 978 aetate
606 919 702 996 iisque
723 935 797 995 quae
818 916 1051 995 insequebantur
1071 916 1257 995 temporibus

168 1027 310 1095 quantum
335 1018 466 1078 studium
492 1016 630 1076 collatum
655 1016 694 1074 sit
718 1033 786 1075 cum
809 1015 844 1073 ad
869 1031 972 1074 omnes
996 1013 1109 1074 litteras
1134 1025 1197 1074 tum
1220 1013 1255 1072 ad

167 1125 300 1175 veterum
334 1118 513 1194 scriptorum
547 1113 639 1174 libros
672 1130 782 1190 eosque
813 1131 848 1171 ex
878 1114 1007 1190 antiquis
1040 1111 1256 1191 exemplaribus

168 1213 409 1273 transcribendos
429 1223 458 1273 et
478 1210 638 1290 irrigandos
662 1228 748 1268 nemo
769 1211 878 1282 nescit;
903 1210 995 1269 forma
1010 1212 1148 1269 universa
1168 1208 1257 1268 libro·

169 1329 235 1368 rum
259 1321 371 1371 mutata
395 1329 469 1370 nova
488 1309 624 1369 codicum
648 1307 932 1368 conscribendorum
954 1311 1026 1367 ratio
1047 1309 1143 1367 oritur
1162 1308 1257 1368 ducti·

170 1406 285 1486 busque
310 1408 459 1488 impeditis
482 1417 617 1467 veterum
637 1404 849 1484 exemplarium
869 1405 992 1465 abiectis
1012 1424 1085 1466 nova
1109 1407 1256 1483 scriptura

169 1507 314 1567 exeolitur
344 1510 392 1568 cui
425 1507 545 1586 proprie
578 1522 687 1564 nomen
718 1498 933 1581 ‘Carolingiea'
962 1502 1096 1564 inditum.
1147 1501 1256 1580 quibus

168 1604 274 1664 studiis
305 1613 448 1682 quantum
477 1610 575 1663 textus
607 1601 751 1661 luvenalis
784 1601 889 1662 debeat
916 1602 993 1661 inira
1026 1601 1126 1660 videre
1157 1599 1257 1660 licebit

168 1719 265 1779 neque
285 1700 354 1768 [boc
387 1701 451 1761 loco
485 1719 560 1780 quae
594 1701 689 1778 capite
723 1699 816 1758 altero
850 1717 992 1778 exponam
1025 1699 1197 1776 praecipere
1227 1699 1256 1756 in

132 1829 135 1834 ·
169 1800 265 1857 auimo
286 1810 344 1877 est3
368 1801 450 1876 atqui
468 1797 543 1857 liber
558 1795 738 1855 Pitbocanus
758 1795 872 1855 illustre
892 1795 998 1854 borum
1023 1795 1188 1855 studiorum
1213 1805 1258 1852 cst

169 1893 394 1954 documentum:
423 1893 540 1954 excellit
564 1893 683 1971 quidem
708 1895 854 1971 scriptura
878 1892 1109 1972 elegantissima,
1132 1892 1256 1971 disposi-

93 2015 98 2023 ·
170 1994 249 2051 tione
273 1994 430 2071 perspicua
450 1990 631 2050 scholiorum
652 1997 681 2048 et
703 2008 849 2069 versuum,
873 2009 976 2057 uerum
996 2009 1054 2050 non
1075 2000 1157 2051 caret
1176 2008 1254 2049 erro·

171 2089 268 2170 ribus,
292 2091 343 2168 qui
367 2091 396 2148 in
423 2091 547 2150 vetustis
570 2087 789 2165 exemplaribus
814 2087 1047 2149 transcribendis
1070 2091 1174 2148 evitari
1198 2107 1255 2147 non

168 2194 334 2266 potuerant,
359 2186 394 2246 de
420 2185 529 2264 quibus
549 2185 703 2245 erroribus
723 2188 780 2244 iam
800 2184 911 2247 dictum
936 2197 981 2247 est
1004 2187 1148 2266 pluraque
1169 2187 1256 2246 etiam

168 2285 244 2344 inlra
268 2283 413 2345 dicentur.
460 2302 534 2343 nova
563 2292 662 2343 autem
688 2292 786 2343 textus
810 2286 985 2363 compositio
1014 2287 1097 2344 novis
1122 2284 1256 2344 codicum

168 2382 452 2443 conscribendorum
473 2381 637 2441 rationibus
656 2382 817 2459 adaequata
843 2391 875 2441 ut
899 2382 1027 2443 difficilis
1047 2391 1110 2443 erat
1128 2381 1258 2460 librario,

168 2481 220 2556 qui
244 2483 454 2557 quaterniones
484 2480 549 2539 lolia
579 2480 722 2539 linearum
747 2480 866 2540 schema
885 2473 1005 2558 ‘primus
1029 2489 1204 2539 construere
1229 2487 1258 2536 et.

168 2577 312 2637 adornare
346 2577 461 2656 debuit,
498 2579 538 2635 ita
569 2596 661 2654 prona
690 2595 721 2635 se
750 2575 856 2636 obtulit
888 2578 952 2637 aliis
980 2577 1109 2637 librariis
1142 2578 1257 2636 occasio

170 2692 226 2750 qua
247 2676 294 2733 usi
318 2675 393 2733 banc
413 2684 564 2734 externam
591 2677 712 2733 l'ormam
738 2673 811 2733 bena
831 2678 1021 2735 constitutam
1044 2675 1185 2735 imitando
1210 2694 1257 2734 ex-

168 2775 342 2852 primorem,
362 2772 431 2831 licet
451 2775 526 2850 quae
546 2781 609 2831 erat
629 2771 706 2830 illius
726 2774 829 2833 aetatis
845 2772 952 2832 talibus
967 2775 997 2832 in
1013 2772 1102 2832 rebus
1122 2773 1225 2850 religio
1234 2767 1257 2853 ¹)

168 2877 283 2928 textum
307 2871 405 2948 ipsum
425 2889 460 2928 ex
481 2871 647 2948 antiquiore
672 2870 831 2948 exemplari
856 2873 880 2929 si
905 2871 982 2948 quod
1003 2871 1038 2929 iis
1057 2879 1175 2949 praesto
1195 2879 1259 2928 erat

168 2966 325 3027 hauserint
349 2978 378 3029 et
401 2968 624 3047 descripserint.
671 2987 746 3046 quae
770 2968 944 3046 scrupulosa
969 2969 1043 3027 ratio
1067 2969 1092 3028 si
1112 2970 1160 3027 cui
1184 2970 1257 3027 mira

168 3064 300 3145 videtur,
329 3074 438 3144 quanto
463 3066 561 3125 studio
585 3065 632 3124 illa
658 3074 752 3125 aetate
782 3065 857 3125 bona
886 3065 1063 3145 exemplaria
1092 3068 1257 3145 conquisita

169 3162 273 3223 collata
294 3164 460 3243 apographa
479 3166 542 3242 ipsa
563 3164 796 3224 emendatasint
816 3167 993 3242 meminerit,
1018 3164 1258 3242 quandoquidem

168 3265 199 3321 in
220 3280 278 3320 uno
298 3260 374 3321 libro
393 3262 576 3321 conficiendo
596 3262 680 3342 plura
700 3261 877 3341 exemplaria
898 3262 1026 3322 adhibita
1042 3281 1107 3322 esse
1123 3262 1257 3322 codicum

171 3364 258 3417 riotae
278 3376 334 3417 nos
354 3353 526 3439 edocenc2);
545 3379 641 3438 neque
658 3360 790 3439 exempla
805 3360 909 3420 similis
927 3362 1099 3421 imitationis
1118 3368 1257 3420 externae

168 3456 280 3515 iormae
301 3455 418 3530 desunt,
442 3474 509 3516 oum
530 3459 560 3516 in
579 3457 751 3538 Hieronymi
768 3452 898 3541 Plauti3)
918 3451 1080 3538 Senecac4)
1105 3457 1257 3517 codicibus

258 3684 283 3750 1)
303 3679 343 3734 uf.
357 3682 543 3750 Wuttenbacb,
562 3682 751 3750 Schriftwesen
768 3685 807 3737 inc
820 3683 998 3738 Mittelalter²
1012 3690 1064 3738 272
1076 3701 1110 3738 ss.
1180 3688 1207 3751 2)
1226 3683 1259 3737 ln

167 3761 305 3816 Prisciani
320 3760 380 3815 eod.
392 3761 550 3818 Pariettttit
564 3762 746 3817 inveniuntur
759 3767 844 3818 notae
860 3765 920 3818 cod.
938 3765 1079 3820 ‘uetustus'
1091 3764 1152 3820 cod.
1165 3765 1255 3819 ‘atter’

166 3844 290 3895 retexam
313 3841 347 3895 oi.
368 3841 580 3896 Wattenbachii
599 3843 616 3898 l.
633 3862 653 3897 s.
670 3862 691 3898 s.
706 3862 732 3912 p.
746 3849 845 3898 bilsa.
953 3847 980 3914 3)
1009 3843 1049 3898 ef.
1074 3846 1171 3900 Plauti
1197 3845 1257 3900 Tri-

166 3939 266 3976 nunni.
294 3938 328 3975 ex
355 3939 409 3976 reo.
436 3923 593 3992 Bitscbeiii,
626 3923 669 3978 ed.
693 3924 740 3977 HI.
766 3941 783 3977 a
806 3924 936 3979 Scioellio
964 3924 1111 3995 recognita
1132 3943 1159 3995 p.
1180 3924 1258 3977 XXII

168 4001 263 4056 adnot.
284 4007 307 4057 3.
340 4002 482 4073 Tantaque
500 4011 538 4059 est
556 4006 697 4074 utriusque
715 4005 816 4059 codicis
835 4002 866 4073 (C
886 4007 915 4058 et
934 4005 969 4075 D)
989 4008 1166 4077 conpruentia
1184 4012 1215 4059 ut
1234 4011 1258 4058 et

166 4083 269 4136 eosdem
291 4100 382 4138 uersus
402 4127 408 4138 .
429 4127 435 4138 .
456 4126 461 4138 .
480 4086 605 4154 sinputae
625 4087 746 4154 popinae
769 4092 890 4153 teneant,
915 4104 964 4141 uec
987 4088 1176 4157 quaterniones
1198 4088 1258 4155 ipso

168 4164 273 4217 aucbitu
293 4206 298 4217 .
321 4207 326 4219 .
346 4165 522 4234 discrepent.
544 4209 550 4219 .
572 4209 577 4218 .
687 4169 714 4234 4)
738 4165 778 4220 uf.
803 4165 916 4222 Senecae
939 4169 1070 4236 epistolas
1092 4168 1197 4235 aliquot
1225 4182 1258 4220 eac

168 4242 361 4313 Baraberpcnsi
374 4251 399 4299 et
409 4245 635 4315 Arpentoratensi
652 4248 789 4301 codicibus
807 4247 895 4300 edidit
911 4247 946 4302 F.
957 4247 1111 4300 Buecheler.
1143 4244 1258 4300 Bonnae

170 4325 245 4376 1878.
273 4339 337 4391 pag.
355 4329 413 4378 149.
437 4344 455 4378 a
474 4325 595 4378 lubricas
615 4328 714 4396 incipit
726 4327 825 4394 foliani
839 4328 1027 4395 quaternionis
1040 4327 1152 4380 secundi
1165 4342 1257 4380 secuu-
