3038 4934
118 2948 149 2982 111
160 2952 181 2984 te
188 2962 216 2992 sq.

122 4095 152 4127 111
162 4097 183 4128 ll
191 4106 219 4137 sq.

664 288 879 354 ..64-

226 470 313 512 usum
336 461 438 513 vocata
457 453 531 514 male
551 454 693 514 memoria
717 454 849 514 tenuisse
873 453 954 514 nullo
977 452 1042 514 loco
1066 455 1170 515 melius
1194 453 1317 536 demon-

226 557 339 609 stratur
367 569 454 629 quam
483 551 574 613 schol.
594 552 629 612 ad
650 551 686 610 Vl
706 546 770 611 649
795 549 847 610 ubi
875 551 1023 612 Lucienus
1051 544 1205 634 Mueller1)
1230 550 1316 628 Verg.

225 646 345 709 Aeneid.
361 648 397 708 Vl
411 646 455 711 42
471 652 616 711 Excisum
630 651 787 710 Euboicae
810 652 889 709 lotus
912 651 1019 724 inqens
1041 652 1123 726 :opis
1142 653 1172 710 io
1193 636 1323 709 onlrnm'

226 745 262 805 ab
286 748 449 827 interprete
473 748 670 827 significatum
695 763 760 806 esse
780 745 948 826 affirmavit3
972 765 1059 825 quam
1084 746 1223 806 audacem
1246 763 1316 804 con·

226 845 370 905 lecturam
402 848 584 906 verissimam
621 863 686 904 esse
718 845 782 921 ipse
810 841 875 903 cod.
898 841 1078 904 Pithoeanus
1106 843 1236 905 ostendit
1265 844 1318 921 qui

226 943 283 1002 iam
304 945 427 1022 propius
449 944 483 1003 ed
506 943 594 1003 verba
614 941 778 1019 Vergiliana
803 938 947 999 accedens
971 940 1000 1000 in
1026 939 1138 1000 scholio
1163 935 1315 1000 ‘excisum

226 1043 347 1101 oeboo‘oe
369 1036 492 1102 montis'
516 1039 646 1119 praebet.
689 1056 745 1117 qua
770 1037 806 1097 de
830 1055 863 1096 re
887 1055 956 1096 cave
976 1056 1013 1097 ne
1034 1037 1208 1098 scholiastae
1229 1036 1317 1097 verba

227 1138 358 1214 corrigas
372 1138 472 1215 potius
488 1155 574 1215 qrram
590 1135 742 1196 emendes:
766 1134 837 1213 legit
856 1133 905 1195 ille
923 1137 964 1195 Et
978 1143 1113 1217 pontum,
1137 1137 1318 1213 comparavit

227 1227 306 1308 ‘epse
338 1240 436 1294 rotem
465 1243 556 1311 ponto
589 1234 682 1294 subiit
702 1280 708 1293 .
729 1277 736 1293 .
756 1280 762 1292 .
782 1228 801 1292 .’
833 1240 867 1293 ut
897 1235 927 1292 in
961 1232 1043 1293 libris
1077 1252 1164 1293 uranu
1198 1234 1318 1311 seriptis

228 1328 365 1390 omnihus
397 1330 505 1409 Psgn
542 1332 717 1391 invenimus.
772 1332 907 1408 inspecto
945 1348 1013 1390 vero
1053 1330 1117 1390 loco
1151 1330 1316 1409 Vergiliano

225 1434 346 1487 contum
369 1426 405 1487 ab
429 1426 691 1509 interpolatoribus
715 1429 888 1488 translatum
918 1437 972 1486 est.
1019 1428 1070 1486 sed
1099 1426 1172 1483 haec
1201 1446 1256 1486 nos
1281 1427 1317 1487 de

226 1522 283 1583 loci
307 1527 462 1586 memoria:
485 1524 539 1585 alia
564 1542 652 1585 causa
672 1532 718 1584 est
736 1524 871 1585 lectionis
891 1530 920 1584 et
938 1530 1064 1599 pontum
1087 1539 1158 1579 uum
1178 1521 1214 1578 ab
1234 1527 1317 1582 omni

224 1631 309 1700 parte
338 1624 474 1684 sufficiat.
520 1623 549 1684 id
579 1614 697 1702 quidem
726 1621 797 1681 nrihi
827 1619 979 1700 probabile
1007 1618 1124 1678 videtur
1148 1616 1315 1678 Iuvenalem

226 1722 251 1780 si
281 1727 311 1782 et
338 1723 542 1783 subterraneo
570 1737 668 1795 repno
697 1726 727 1780 et
754 1727 875 1781 contum
903 1719 1072 1796 scripsisset
1101 1711 1187 1775 ‘dass
1214 1735 1245 1775 es
1273 1720 1314 1776 clu

225 1821 451 1881 unterirdisclee
479 1815 595 1881 Reiolle
620 1819 697 1893 cehe
724 1820 790 1878 und
816 1821 883 1878 eine
911 1808 1041 1889 Stonpe’
1067 1831 1102 1873 ne
1134 1811 1317 1872 intellectum

228 1915 348 1994 quidem
371 1917 463 1977 luisse
487 1919 544 1977 nisi
568 1915 605 1975 ab
633 1914 751 1974 homine
781 1914 885 1994 amplis
913 1912 1133 1975 commentariis
1161 1912 1318 1989 instructo,

225 2030 366 2091 perverse
407 2017 494 2073 etiam
533 2019 620 2091 poeta
654 2015 791 2090 quoniam
830 2013 1044 2089 navigationem
1078 2010 1135 2067 iam
1170 2009 1316 2087 tetigerat,

228 2109 348 2189 Stygem
368 2128 455 2170 ranas
473 2116 698 2170 enumeraverat
717 2127 823 2170 rursus
842 2107 941 2168 verbis
965 2103 1072 2181 ‘atque
1095 2123 1158 2165 rouo
1182 2107 1316 2165 transire

225 2211 336 2268 oudam
360 2215 403 2269 tol
424 2211 509 2268 milio
532 2200 658 2268 cumho’
692 2205 727 2265 ad
756 2205 834 2266 illam
866 2204 986 2265 rediret.
1031 2204 1213 2283 optimorum
1248 2221 1317 2262 vero

226 2305 393 2365 testiumd
423 2296 475 2386 (P)
500 2304 519 2364 S
544 2299 574 2364 Σ
607 2303 763 2362 lectionem
792 2311 930 2380 pontum,
958 2302 1045 2376 eunus
1077 2301 1227 2360 notionem
1261 2299 1319 2359 late

226 2403 357 2480 patuisse
380 2401 499 2480 Vergilii
524 2397 629 2461 ‘maris
652 2395 778 2478 pontus'
803 2401 901 2478 arguit
923 2406 957 2458 ut
980 2416 1049 2459 cunr
1067 2397 1193 2456 Pithoeo
1217 2415 1319 2456 serves

226 2517 342 2561 amnem
366 2499 530 2559 inferorum
554 2494 703 2578 ‘Stygiam
730 2493 883 2579 paludem’
913 2516 1000 2576 quam
1027 2491 1147 2556 ‘litora'
1177 2493 1320 2555 claudunt

227 2597 338 2658 dictum
371 2614 437 2656 esse
473 2598 644 2656 memineris
676 2615 692 2656 a
728 2595 869 2677 Vergilio,
904 2595 1027 2676 lipsano
1056 2592 1094 2687 alp
1122 2591 1319 2672 Aristophane

227 2694 298 2755 Ran.
331 2691 391 2757 181
425 2712 513 2774 quem
544 2693 642 2754 locum
673 2696 792 2754 omnino
821 2696 987 2773 respexisse
1011 2692 1128 2753 videtur
1152 2698 1320 2750 saturarum

230 2795 368 2873 scriptor.

318 2919 358 2978 lll
380 2916 418 2980 18
439 2938 481 2998 sq.
696 2924 809 2992 quanto
829 2920 1023 2994 praesentius
1047 2922 1123 2975 esset

271 3034 380 3077 numen
404 3034 523 3089 oquae
545 3019 641 3076 uiridi
661 3019 690 3075 si
711 3019 850 3089 maraine
873 3017 1011 3074 eluderet
1033 3014 1132 3072 andos

272 3113 368 3172 herbo
392 3158 398 3171 .
423 3158 429 3170 .
454 3158 461 3170 .

228 3254 250 3313 P
272 3271 330 3313 non
350 3256 545 3328 praesentius
569 3252 619 3313 sed
645 3261 759 3314 tantum
779 3272 874 3330 praes
888 3249 922 3333 [ff
932 3249 967 3334 ss!
977 3248 1011 3333 ss!
1021 3248 1055 3333 fs!
1071 3252 1193 3332 praehet
1211 3253 1319 3313 litteris

228 3353 340 3413 ultimis
367 3352 467 3411 erasis.
510 3360 590 3412 recte
610 3361 715 3413 tamen·
729 3355 923 3428 praesentius
943 3354 1061 3412 restitui
1080 3369 1147 3411 cum
1167 3351 1223 3410 loci
1244 3353 1320 3410 ratio

228 3459 293 3511 tum
317 3449 380 3509 cod.
405 3448 641 3510 vindobonensis
665 3450 807 3531 ostendit,
833 3453 883 3530 qui
907 3450 963 3511 hoc
992 3449 1056 3509 loco
1082 3468 1159 3509 unus
1187 3451 1320 3509 ornniurn

229 3548 373 3608 librorum
397 3557 569 3608 correctura
588 3567 647 3608 non
672 3549 801 3609 inlectus
825 3562 879 3609 ost.
924 3549 1007 3626 atqui
1030 3546 1128 3607 verbis
1153 3547 1238 3625 vulgo
1260 3553 1319 3605 tra-

230 3645 299 3706 ditis
322 3645 376 3706 alia
397 3645 499 3707 subest
519 3646 721 3725 interpolatio:
746 3645 865 3706 exhibet
885 3647 963 3705 enim
981 3644 1058 3704 Pith.
1078 3648 1166 3720 eoois
1190 3663 1204 3704 a
1224 3646 1319 3722 prima

231 3762 318 3804 manu
344 3747 545 3824 conscriptum
566 3754 667 3824 aptum
687 3743 757 3805 illud
783 3746 855 3804 lonti
881 3746 931 3821 qui
950 3752 1035 3803 antro
1055 3742 1230 3822 includitur3
1254 3753 1320 3802 orta

231 3853 277 3904 est
296 3845 418 3903 mutatio
438 3861 472 3902 ex
493 3861 562 3903 voce
579 3846 788 3921 praestantius
807 3860 864 3921 qua
880 3844 992 3901 intrusa
1008 3841 1123 3901 dativus
1142 3858 1200 3900 nou
1216 3839 1321 3900 hahuit

232 3960 290 4020 quo
315 3941 489 4000 referretur,

321 4065 361 4125 lll
381 4063 476 4144 lisq.
690 4113 697 4125 .
722 4113 728 4126 .
753 4113 759 4125 .
783 4069 884 4126 omnia
907 4068 989 4126 nouit

279 4167 448 4225 Graeculus
471 4166 621 4237 esuriens,
645 4167 674 4223 in
699 4167 825 4235 coelunt,
848 4165 1021 4243 {rosseria
1045 4164 1107 4221 ibit.

325 4375 343 4442 ¹)
362 4371 456 4426 Iahnii
475 4389 538 4425 ann.
558 4368 750 4425 LXXXXVHI
769 4374 830 4423 438.
