<?xml version="1.0" encoding="UTF-8"?>
<!DOCTYPE html PUBLIC "-//W3C//DTD XHTML 1.0 Transitional//EN"
    "http://www.w3.org/TR/xhtml1/DTD/xhtml1-transitional.dtd">
<html xmlns="http://www.w3.org/1999/xhtml" xml:lang="en" lang="en">
 <head>
  <title>
</title>
<meta http-equiv="Content-Type" content="text/html;charset=utf-8" />
  <meta name='ocr-system' content='tesseract 3.04.00' />
  <meta name='ocr-capabilities' content='ocr_page ocr_carea ocr_par ocr_line ocrx_word'/>
</head>
<body>
  <div class='ocr_page' id='page_1' title='image "./spicilegiumjuve00beergoog_0043.png"; bbox 0 0 3038 4934; ppageno 0'>
   <div class='ocr_carea' id='block_1_1' title="bbox 644 280 858 344">
    <p class='ocr_par' dir='ltr' id='par_1_1' title="bbox 644 280 858 344">
     <span class='ocr_line' id='line_1_1' title="bbox 644 280 858 344; baseline -0.005 -20"><span class='ocrx_word' id='word_1_1' title='bbox 644 280 858 344; x_wconf 72' lang='grc'><strong>-38-</strong></span> 
     </span>
    </p>
   </div>
   <div class='ocr_carea' id='block_1_2' title="bbox 204 439 1305 542">
    <p class='ocr_par' dir='ltr' id='par_1_2' title="bbox 204 439 1305 542">
     <span class='ocr_line' id='line_1_2' title="bbox 204 439 1305 542; baseline 0 -39"><span class='ocrx_word' id='word_1_2' title='bbox 204 461 322 542; x_wconf 67' lang='lat' dir='ltr'><strong>marsus,</strong></span> <span class='ocrx_word' id='word_1_3' title='bbox 347 439 387 504; x_wconf 81' lang='grc'><strong>78</strong></span> <span class='ocrx_word' id='word_1_4' title='bbox 407 444 546 526; x_wconf 62' lang='lat' dir='ltr'><strong>Heliam,</strong></span> <span class='ocrx_word' id='word_1_5' title='bbox 570 441 613 506; x_wconf 87' lang='grc'><strong>80</strong></span> <span class='ocrx_word' id='word_1_6' title='bbox 632 446 736 518; x_wconf 79' lang='lat' dir='ltr'><strong>cimba,</strong></span> <span class='ocrx_word' id='word_1_7' title='bbox 756 441 874 504; x_wconf 80' lang='lat' dir='ltr'><strong>Situm</strong></span> <span class='ocrx_word' id='word_1_8' title='bbox 894 449 1056 518; x_wconf 68' lang='lat' dir='ltr'><strong>staynante</strong></span> <span class='ocrx_word' id='word_1_9' title='bbox 1073 446 1142 502; x_wconf 78' lang='lat' dir='ltr'><strong>sicu</strong></span> <span class='ocrx_word' id='word_1_10' title='bbox 1159 445 1305 518; x_wconf 66' lang='lat' dir='ltr'><strong>caudent</strong></span> 
     </span>
    </p>
   </div>
   <div class='ocr_carea' id='block_1_3' title="bbox 204 544 1305 1041">
    <p class='ocr_par' dir='ltr' id='par_1_3' title="bbox 204 544 1305 1041">
     <span class='ocr_line' id='line_1_3' title="bbox 204 544 1303 651; baseline 0.001 -24"><span class='ocrx_word' id='word_1_11' title='bbox 204 544 224 628; x_wconf 70' lang='grc' dir='ltr'><em>ἆ</em></span> <span class='ocrx_word' id='word_1_12' title='bbox 248 561 306 651; x_wconf 90' lang='lat'><strong>(=</strong></span> <span class='ocrx_word' id='word_1_13' title='bbox 325 563 401 649; x_wconf 83' lang='lat' dir='ltr'><strong>ubi),</strong></span> <span class='ocrx_word' id='word_1_14' title='bbox 424 587 514 649; x_wconf 82' lang='lat' dir='ltr'><strong>rara,</strong></span> <span class='ocrx_word' id='word_1_15' title='bbox 539 565 581 629; x_wconf 82' lang='lat'><strong>82</strong></span> <span class='ocrx_word' id='word_1_16' title='bbox 603 573 718 644; x_wconf 67' lang='lat' dir='ltr'><strong>aurula</strong></span> <span class='ocrx_word' id='word_1_17' title='bbox 745 602 782 610; x_wconf 88' lang='grc'><strong>-</strong></span> <span class='ocrx_word' id='word_1_18' title='bbox 808 586 938 641; x_wconf 82' lang='lat' dir='ltr'><strong>narare,</strong></span> <span class='ocrx_word' id='word_1_19' title='bbox 963 565 1005 629; x_wconf 83' lang='grc'><strong>82</strong></span> <span class='ocrx_word' id='word_1_20' title='bbox 1028 571 1142 642; x_wconf 85' lang='lat' dir='ltr'><strong>molles,</strong></span> <span class='ocrx_word' id='word_1_21' title='bbox 1167 563 1209 628; x_wconf 89' lang='grc'><strong>89</strong></span> <span class='ocrx_word' id='word_1_22' title='bbox 1230 571 1303 644; x_wconf 82' lang='lat' dir='ltr'><strong>pla·</strong></span> 
     </span>
     <span class='ocr_line' id='line_1_4' title="bbox 204 658 1303 747; baseline 0 -21"><span class='ocrx_word' id='word_1_23' title='bbox 204 668 277 727; x_wconf 80' lang='lat' dir='ltr'><strong>cebo</strong></span> <span class='ocrx_word' id='word_1_24' title='bbox 300 659 392 746; x_wconf 77' lang='lat' dir='ltr'><strong>(corr.</strong></span> <span class='ocrx_word' id='word_1_25' title='bbox 412 683 436 725; x_wconf 87' lang='lat' dir='ltr'><strong>a.</strong></span> <span class='ocrx_word' id='word_1_26' title='bbox 456 658 519 747; x_wconf 87' lang='lat' dir='ltr'><strong>m),</strong></span> <span class='ocrx_word' id='word_1_27' title='bbox 543 662 586 726; x_wconf 88' lang='lat'><strong>90</strong></span> <span class='ocrx_word' id='word_1_28' title='bbox 609 668 694 744; x_wconf 78' lang='lat' dir='ltr'><strong>viole,</strong></span> <span class='ocrx_word' id='word_1_29' title='bbox 717 661 760 725; x_wconf 86' lang='grc'><strong>93</strong></span> <span class='ocrx_word' id='word_1_30' title='bbox 784 685 822 727; x_wconf 82' lang='lat' dir='ltr'><strong>ne</strong></span> <span class='ocrx_word' id='word_1_31' title='bbox 844 673 994 742; x_wconf 81' lang='lat' dir='ltr'><strong>suspecta,</strong></span> <span class='ocrx_word' id='word_1_32' title='bbox 1018 662 1059 725; x_wconf 79' lang='lat'><strong>97</strong></span> <span class='ocrx_word' id='word_1_33' title='bbox 1084 668 1232 741; x_wconf 79' lang='lat' dir='ltr'><strong>coturnis,</strong></span> <span class='ocrx_word' id='word_1_34' title='bbox 1257 662 1303 745; x_wconf 79' lang='grc'><strong>98</strong></span> 
     </span>
     <span class='ocr_line' id='line_1_5' title="bbox 204 758 1303 838; baseline 0 -14"><span class='ocrx_word' id='word_1_35' title='bbox 204 767 336 838; x_wconf 84' lang='lat' dir='ltr'><strong>calores,</strong></span> <span class='ocrx_word' id='word_1_36' title='bbox 369 760 411 823; x_wconf 89' lang='grc'><strong>99</strong></span> <span class='ocrx_word' id='word_1_37' title='bbox 442 764 588 836; x_wconf 81' lang='lat' dir='ltr'><strong>Paccius,</strong></span> <span class='ocrx_word' id='word_1_38' title='bbox 623 760 683 823; x_wconf 83' lang='lat'><strong>101</strong></span> <span class='ocrx_word' id='word_1_39' title='bbox 714 765 904 837; x_wconf 53' lang='lat' dir='ltr'><strong>maturabam,</strong></span> <span class='ocrx_word' id='word_1_40' title='bbox 943 761 1006 824; x_wconf 80' lang='lat'><strong>102</strong></span> <span class='ocrx_word' id='word_1_41' title='bbox 1036 763 1194 838; x_wconf 82' lang='lat' dir='ltr'><strong>elefantes,</strong></span> <span class='ocrx_word' id='word_1_42' title='bbox 1235 758 1303 824; x_wconf 84' lang='lat'><strong>103</strong></span> 
     </span>
     <span class='ocr_line' id='line_1_6' title="bbox 204 854 1305 944; baseline 0.001 -23"><span class='ocrx_word' id='word_1_43' title='bbox 204 861 300 923; x_wconf 81' lang='lat' dir='ltr'><strong>Lacic</strong></span> <span class='ocrx_word' id='word_1_44' title='bbox 322 863 412 939; x_wconf 77' lang='lat' dir='ltr'><em>haut,</em></span> <span class='ocrx_word' id='word_1_45' title='bbox 437 857 501 922; x_wconf 82' lang='lat'><strong>104</strong></span> <span class='ocrx_word' id='word_1_46' title='bbox 521 860 608 935; x_wconf 80' lang='lat' dir='ltr'><strong>sulca</strong></span> <span class='ocrx_word' id='word_1_47' title='bbox 634 894 671 902; x_wconf 99' lang='lat'><strong>—</strong></span> <span class='ocrx_word' id='word_1_48' title='bbox 693 864 810 937; x_wconf 80' lang='lat' dir='ltr'><strong>petitur</strong></span> <span class='ocrx_word' id='word_1_49' title='bbox 834 855 926 944; x_wconf 80' lang='lat' dir='ltr'><strong>(corr.</strong></span> <span class='ocrx_word' id='word_1_50' title='bbox 951 880 974 920; x_wconf 88' lang='lat' dir='ltr'><strong>a.</strong></span> <span class='ocrx_word' id='word_1_51' title='bbox 999 854 1065 942; x_wconf 78' lang='lat' dir='ltr'><strong>m),</strong></span> <span class='ocrx_word' id='word_1_52' title='bbox 1095 857 1157 921; x_wconf 80' lang='lat'><strong>106</strong></span> <span class='ocrx_word' id='word_1_53' title='bbox 1180 865 1305 922; x_wconf 79' lang='lat' dir='ltr'><strong>servire</strong></span> 
     </span>
     <span class='ocr_line' id='line_1_7' title="bbox 204 951 434 1041; baseline 0 -23"><span class='ocrx_word' id='word_1_54' title='bbox 204 951 274 1041; x_wconf 86' lang='lat' dir='ltr'><strong>(pm</strong></span> <span class='ocrx_word' id='word_1_55' title='bbox 294 953 434 1039; x_wconf 79' lang='lat' dir='ltr'><strong>parere).</strong></span> 
     </span>
    </p>
   </div>
   <div class='ocr_carea' id='block_1_4' title="bbox 188 1063 1364 1812">
    <p class='ocr_par' dir='ltr' id='par_1_4' title="bbox 188 1063 1364 1812">
     <span class='ocr_line' id='line_1_8' title="bbox 295 1063 1304 1145; baseline -0.003 -20"><span class='ocrx_word' id='word_1_56' title='bbox 295 1065 352 1125; x_wconf 86' lang='lat' dir='ltr'><strong>Sed</strong></span> <span class='ocrx_word' id='word_1_57' title='bbox 383 1065 457 1125; x_wconf 88' lang='lat' dir='ltr'><strong>haec</strong></span> <span class='ocrx_word' id='word_1_58' title='bbox 489 1064 526 1126; x_wconf 93' lang='lat' dir='ltr'><strong>de</strong></span> <span class='ocrx_word' id='word_1_59' title='bbox 556 1063 640 1126; x_wconf 86' lang='lat' dir='ltr'><strong>libris</strong></span> <span class='ocrx_word' id='word_1_60' title='bbox 671 1065 856 1144; x_wconf 77' lang='lat' dir='ltr'>interpolatis</span> <span class='ocrx_word' id='word_1_61' title='bbox 888 1065 967 1126; x_wconf 77' lang='lat' dir='ltr'><strong>dicta</strong></span> <span class='ocrx_word' id='word_1_62' title='bbox 998 1067 1154 1126; x_wconf 77' lang='lat' dir='ltr'><strong>sufficiant.</strong></span> <span class='ocrx_word' id='word_1_63' title='bbox 1211 1064 1304 1145; x_wconf 79' lang='lat' dir='ltr'><strong>Frag-</strong></span> 
     </span>
     <span class='ocr_line' id='line_1_9' title="bbox 188 1162 1304 1243; baseline 0.002 -20"><span class='ocrx_word' id='word_1_64' title='bbox 188 1167 304 1224; x_wconf 83' lang='lat' dir='ltr'><strong>menta</strong></span> <span class='ocrx_word' id='word_1_65' title='bbox 323 1164 442 1240; x_wconf 89' lang='lat' dir='ltr'><strong>quidem</strong></span> <span class='ocrx_word' id='word_1_66' title='bbox 462 1165 665 1241; x_wconf 73' lang='lat' dir='ltr'><strong>antiquissima</strong></span> <span class='ocrx_word' id='word_1_67' title='bbox 684 1162 821 1223; x_wconf 78' lang='lat' dir='ltr'><strong>Vaticana</strong></span> <span class='ocrx_word' id='word_1_68' title='bbox 846 1182 893 1224; x_wconf 88' lang='lat' dir='ltr'><strong>me</strong></span> <span class='ocrx_word' id='word_1_69' title='bbox 913 1165 1062 1243; x_wconf 82' lang='lat' dir='ltr'><strong>inspicere</strong></span> <span class='ocrx_word' id='word_1_70' title='bbox 1087 1166 1304 1242; x_wconf 74' lang='lat' dir='ltr'><strong>conposuisse</strong></span> 
     </span>
     <span class='ocr_line' id='line_1_10' title="bbox 207 1260 1304 1341; baseline 0.002 -21"><span class='ocrx_word' id='word_1_71' title='bbox 207 1260 329 1332; x_wconf 80' lang='lat' dir='ltr'><strong>moleste</strong></span> <span class='ocrx_word' id='word_1_72' title='bbox 355 1262 431 1340; x_wconf 85' lang='lat' dir='ltr'><strong>iero,</strong></span> <span class='ocrx_word' id='word_1_73' title='bbox 460 1263 681 1322; x_wconf 81' lang='lat' dir='ltr'><strong>accuratissime</strong></span> <span class='ocrx_word' id='word_1_74' title='bbox 710 1272 809 1322; x_wconf 80' lang='lat' dir='ltr'><strong>auiam</strong></span> <span class='ocrx_word' id='word_1_75' title='bbox 833 1279 891 1322; x_wconf 88' lang='lat' dir='ltr'><strong>una</strong></span> <span class='ocrx_word' id='word_1_76' title='bbox 915 1281 982 1323; x_wconf 89' lang='lat' dir='ltr'><strong>cum</strong></span> <span class='ocrx_word' id='word_1_77' title='bbox 1006 1261 1126 1322; x_wconf 87' lang='lat' dir='ltr'><strong>scholiis</strong></span> <span class='ocrx_word' id='word_1_78' title='bbox 1150 1261 1304 1341; x_wconf 87' lang='lat' dir='ltr'><strong>adspersis</strong></span> 
     </span>
     <span class='ocr_line' id='line_1_11' title="bbox 206 1355 1364 1444; baseline 0.003 -26"><span class='ocrx_word' id='word_1_79' title='bbox 206 1378 242 1419; x_wconf 84' lang='lat' dir='ltr'><strong>ex</strong></span> <span class='ocrx_word' id='word_1_80' title='bbox 266 1359 433 1438; x_wconf 80' lang='lat' dir='ltr'><strong>apographo</strong></span> <span class='ocrx_word' id='word_1_81' title='bbox 458 1360 574 1421; x_wconf 82' lang='lat' dir='ltr'><strong>Lcewii</strong></span> <span class='ocrx_word' id='word_1_82' title='bbox 600 1366 778 1439; x_wconf 78' lang='lat' dir='ltr'><strong>pertractata</strong></span> <span class='ocrx_word' id='word_1_83' title='bbox 807 1367 877 1419; x_wconf 82' lang='lat' dir='ltr'><strong>suni</strong></span> <span class='ocrx_word' id='word_1_84' title='bbox 905 1379 920 1419; x_wconf 88' lang='lat' dir='ltr'><strong>a</strong></span> <span class='ocrx_word' id='word_1_85' title='bbox 947 1356 1077 1435; x_wconf 69' lang='lat' dir='ltr'><strong>Gec&#39;rqa&#39;o</strong></span> <span class='ocrx_word' id='word_1_86' title='bbox 1103 1362 1197 1421; x_wconf 83' lang='lat' dir='ltr'><em>Goetz</em></span> <span class='ocrx_word' id='word_1_87' title='bbox 1222 1355 1303 1444; x_wconf 88' lang='lat' dir='ltr'><strong>(lnd.</strong></span> <span class='ocrx_word' id='word_1_88' title='bbox 1361 1360 1364 1367; x_wconf 83' lang='lat'>&#39;</span> 
     </span>
     <span class='ocr_line' id='line_1_12' title="bbox 207 1452 1301 1540; baseline 0.001 -22"><span class='ocrx_word' id='word_1_89' title='bbox 207 1455 298 1518; x_wconf 88' lang='lat' dir='ltr'><strong>schol.</strong></span> <span class='ocrx_word' id='word_1_90' title='bbox 327 1455 387 1516; x_wconf 89' lang='lat' dir='ltr'><strong>len.</strong></span> <span class='ocrx_word' id='word_1_91' title='bbox 411 1475 435 1516; x_wconf 91' lang='lat' dir='ltr'><strong>a.</strong></span> <span class='ocrx_word' id='word_1_92' title='bbox 462 1452 570 1540; x_wconf 84' lang='lat'>1884).</span> <span class='ocrx_word' id='word_1_93' title='bbox 622 1457 668 1517; x_wconf 90' lang='lat' dir='ltr'><strong>his</strong></span> <span class='ocrx_word' id='word_1_94' title='bbox 701 1457 819 1518; x_wconf 90' lang='lat' dir='ltr'><strong>schedis</strong></span> <span class='ocrx_word' id='word_1_95' title='bbox 851 1475 998 1537; x_wconf 83' lang='lat' dir='ltr'><strong>perpauca</strong></span> <span class='ocrx_word' id='word_1_96' title='bbox 1032 1477 1086 1518; x_wconf 88' lang='lat' dir='ltr'><strong>nos</strong></span> <span class='ocrx_word' id='word_1_97' title='bbox 1118 1457 1229 1518; x_wconf 80' lang='lat' dir='ltr'><strong>lucrari</strong></span> <span class='ocrx_word' id='word_1_98' title='bbox 1263 1459 1301 1519; x_wconf 91' lang='lat' dir='ltr'><strong>ad</strong></span> 
     </span>
     <span class='ocr_line' id='line_1_13' title="bbox 208 1553 1302 1635; baseline 0.001 -19"><span class='ocrx_word' id='word_1_99' title='bbox 208 1564 321 1616; x_wconf 77' lang='lat' dir='ltr'><strong>textum</strong></span> <span class='ocrx_word' id='word_1_100' title='bbox 336 1553 554 1614; x_wconf 75' lang='lat' dir='ltr'><strong>restituendum</strong></span> <span class='ocrx_word' id='word_1_101' title='bbox 574 1555 686 1616; x_wconf 87' lang='lat' dir='ltr'><strong>dudum</strong></span> <span class='ocrx_word' id='word_1_102' title='bbox 705 1558 855 1634; x_wconf 81' lang='lat' dir='ltr'><strong>cognitum</strong></span> <span class='ocrx_word' id='word_1_103' title='bbox 871 1565 925 1635; x_wconf 81' lang='lat' dir='ltr'><strong>est,</strong></span> <span class='ocrx_word' id='word_1_104' title='bbox 949 1557 1056 1616; x_wconf 90' lang='lat' dir='ltr'><strong>summi</strong></span> <span class='ocrx_word' id='word_1_105' title='bbox 1071 1574 1141 1616; x_wconf 84' lang='lat' dir='ltr'><strong>vero</strong></span> <span class='ocrx_word' id='word_1_106' title='bbox 1158 1559 1302 1617; x_wconf 88' lang='lat' dir='ltr'><strong>momenti</strong></span> 
     </span>
     <span class='ocr_line' id='line_1_14' title="bbox 207 1651 1301 1734; baseline 0 -20"><span class='ocrx_word' id='word_1_107' title='bbox 207 1661 277 1714; x_wconf 86' lang='lat' dir='ltr'><strong>sunt</strong></span> <span class='ocrx_word' id='word_1_108' title='bbox 300 1654 331 1712; x_wconf 89' lang='lat' dir='ltr'><strong>in</strong></span> <span class='ocrx_word' id='word_1_109' title='bbox 354 1651 477 1712; x_wconf 74' lang='lat' dir='ltr'><strong>historia</strong></span> <span class='ocrx_word' id='word_1_110' title='bbox 502 1660 600 1713; x_wconf 76' lang='lat' dir='ltr'><strong>textus</strong></span> <span class='ocrx_word' id='word_1_111' title='bbox 624 1654 842 1734; x_wconf 84' lang='lat' dir='ltr'><strong>cognoscenda,</strong></span> <span class='ocrx_word' id='word_1_112' title='bbox 870 1653 905 1713; x_wconf 90' lang='lat' dir='ltr'><strong>ad</strong></span> <span class='ocrx_word' id='word_1_113' title='bbox 930 1672 1017 1731; x_wconf 86' lang='lat' dir='ltr'><strong>quam</strong></span> <span class='ocrx_word' id='word_1_114' title='bbox 1042 1653 1204 1714; x_wconf 83' lang='lat' dir='ltr'><strong>nonnulla</strong></span> <span class='ocrx_word' id='word_1_115' title='bbox 1229 1673 1301 1714; x_wconf 85' lang='lat' dir='ltr'><strong>con-</strong></span> 
     </span>
     <span class='ocr_line' id='line_1_15' title="bbox 208 1752 726 1812; baseline 0.002 -1"><span class='ocrx_word' id='word_1_116' title='bbox 208 1752 288 1811; x_wconf 87' lang='lat' dir='ltr'><strong>ferre</strong></span> <span class='ocrx_word' id='word_1_117' title='bbox 312 1769 391 1811; x_wconf 82' lang='lat' dir='ltr'><strong>num</strong></span> <span class='ocrx_word' id='word_1_118' title='bbox 415 1752 472 1810; x_wconf 91' lang='lat' dir='ltr'><strong>iam</strong></span> <span class='ocrx_word' id='word_1_119' title='bbox 496 1753 527 1812; x_wconf 89' lang='lat' dir='ltr'><strong>in</strong></span> <span class='ocrx_word' id='word_1_120' title='bbox 550 1753 649 1812; x_wconf 85' lang='lat' dir='ltr'><strong>animo</strong></span> <span class='ocrx_word' id='word_1_121' title='bbox 672 1761 726 1812; x_wconf 88' lang='lat' dir='ltr'><strong>est.</strong></span> 
     </span>
    </p>
   </div>
   <div class='ocr_carea' id='block_1_5' title="bbox 0 0 1529 4934">
    <p class='ocr_par' dir='ltr' id='par_1_5' title="bbox 0 0 1529 4934">
     <span class='ocr_line' id='line_1_16' title="bbox 0 0 1529 4934; baseline 0 0"><span class='ocrx_word' id='word_1_122' title='bbox 0 0 1529 4934; x_wconf 95' lang='lat' dir='ltr'><strong> </strong></span> 
     </span>
    </p>
   </div>
  </div>
 </body>
</html>
