3038 4934
777 258 995 322 ..20ss

392 415 507 470 Scholia
524 415 613 486 igitur
630 415 668 469 ad
685 415 725 469 Ill
741 421 774 469 79
785 432 826 482 eq.

456 497 499 552 ed.
514 497 584 550 Iahn
601 515 649 566 pp.
664 501 716 550 305
727 513 767 562 sq.
1032 494 1147 547 exhibet
1164 493 1310 548 Pithoean.

378 594 513 650 Solones
536 603 626 651 antem
644 613 709 649 sune
730 610 800 647 rrnre
819 593 875 646 Ro·
939 592 1078 646 Solones
1092 591 1154 658 (sic)
1164 599 1252 645 aretem
1268 593 1350 652 dixit,
1363 591 1437 643 simut

341 677 720 744 innocentianam,
740 675 876 740 Camillos,
904 672 1018 726 Catones
1051 674 1186 726 Camillos.
1233 672 1439 725 Erumuosos

342 756 456 810 Drasos.
480 758 683 812 Aernmnosi
697 763 796 822 annm,
809 756 875 824 qaia
903 761 993 807 autem
1011 756 1080 807 dicit
1097 755 1163 821 quin
1178 753 1328 821 impolitus
1338 751 1437 819 phylo-

340 836 490 903 frnpalitas
523 839 747 906 plrilosoplionem
777 837 874 888 misma
902 836 1045 903 sophorum
1056 836 1155 887 misera
1164 834 1271 886 ridetur
1286 833 1438 884 incuriosis

339 918 449 970 ridetur
474 919 625 972 luxuriosis
647 924 673 970 et
692 916 819 985 proriipis
846 931 876 967 eo
902 915 1034 967 rlieitilms
1052 921 1077 967 et
1092 915 1225 982 prorlr'pis.
1255 911 1374 978 (reliqua
1388 909 1437 961 de-

340 998 412 1064 pini
425 999 548 1051 animum
560 998 673 1052 colentes
688 997 809 1064 corporis
819 994 875 1047 cnl-
904 996 988 1062 sunt.)

341 1083 398 1130 tam
416 1079 559 1131 abiiciunt.
589 1077 765 1131 Arcesilas
783 1075 876 1145 &pili

339 1157 425 1222 filius,
433 1157 595 1224 Pitumnus,
606 1156 774 1227 Cyrenaimes
784 1155 875 1223 philo·

339 1237 439 1304 sopiens
454 1240 638 1306 peritissimus
655 1238 721 1304 fnit,
740 1239 788 1306 qai
802 1236 874 1290 Aca·

340 1317 456 1370 eteniam
471 1320 579 1385 primns
599 1318 712 1371 incenit.

376 1402 418 1449 80.
436 1396 573 1465 Obstipo
587 1396 875 1464 capiteqamdtacita
941 1383 1081 1452 Opstipo
1100 1387 1210 1453 cupite
1225 1385 1296 1452 quod
1311 1385 1396 1435 tacita
1412 1389 1437 1435 et

339 1481 365 1528 et
390 1478 498 1530 intenta
525 1478 690 1546 mmm
722 1477 802 1543 qum·
829 1476 873 1528 οι).
902 1467 1008 1518 intenta
1026 1467 1189 1534 capitatione
1203 1467 1282 1534 perusi
1297 1464 1437 1531 obstupidi

339 1557 445 1624 stupidi
472 1557 626 1610 audeantur,
676 1555 816 1623 Opgttpo
843 1556 874 1608 td
903 1546 1049 1598 rideantur
1075 1547 1116 1599 rel
1142 1546 1276 1598 inclinato
1299 1547 1387 1612 cupite
1413 1552 1439 1597 et

339 1642 378 1688 eat
402 1634 536 1690 inermia)
558 1643 583 1689 et
605 1636 766 1706 pravitatem
790 1635 873 1687 simu.
900 1627 1035 1694 qraeitate
1048 1627 1193 1679 simulante
1207 1632 1232 1679 et
1245 1643 1306 1679 meru
1320 1626 1436 1693 oblr'qui-

339 1716 412 1769 tante
431 1723 456 1769 et
474 1734 535 1770 cnm
552 1716 711 1784 obliquitate
728 1715 793 1780 tino.
831 1714 875 1766 Et
901 1711 955 1757 lale
973 1705 1038 1771 litw-
1077 1705 1209 1774 (Reliqua
1227 1705 1349 1773 desunt)

338 1792 483 1863 fipentes
503 1796 628 1848 tamine
642 1800 774 1860 terram,
791 1794 874 1847 idest

339 1874 490 1927 inminibus
516 1876 688 1929 immobiliter
715 1876 747 1927 in
773 1880 874 1927 terram

340 1952 680 2103 Μέἶ..,ι.’.”11)1ιίῑο3ορ1ιό
706 2036 760 2088 sibi
787 2035 873 2086 ocutis
935 2026 1105 2095 Phylosoplri
1128 2027 1213 2080 ocrrlis
1235 2027 1289 2080 sibi
1314 2027 1437 2092 forrnmet

338 2112 460 2178 sormam
477 2115 510 2168 de
534 2115 632 2183 quibas
654 2115 785 2182 scripturi
807 2118 872 2165 sant
900 2105 932 2157 cle
956 2106 1054 2173 arcibus
1076 2107 1208 2174 scripturi
1230 2111 1295 2158 sunt
1317 2111 1348 2157 nt
1371 2111 1438 2157 sucat

338 2188 370 2235 nt
387 2189 452 2237 sunt
466 2185 601 2239 dintnrna
614 2186 774 2251 infirmitate
787 2185 871 2237 homi·
899 2186 1035 2238 (tinterna
1053 2186 1213 2251 infirmitate
1231 2186 1351 2238 honeines
1370 2202 1435 2252 qno-

338 2279 394 2329 nes,
412 2265 511 2331 peribas
524 2266 645 2318 siccitate
658 2264 776 2330 febriam
789 2268 815 2316 et
828 2265 871 2315 in·
899 2283 961 2318 rnm
975 2266 1061 2318 ocnlis
1070 2267 1159 2334 pressi
1170 2269 1254 2331 (nunc
1270 2264 1328 2316 alia
1341 2280 1437 2332 penna

338 2345 870 2413 somnitatediuersornmimapinesocn-
899 2362 964 2397 usus
983 2344 1058 2396 idem
1074 2344 1205 2398 librarius
1220 2344 1326 2413 pergit)
1342 2347 1434 2412 pressi

338 2423 373 2475 lis
391 2439 483 2476 eornm
501 2423 665 2489 formantur.
899 2428 993 2491 (eras.)
1023 2427 1131 2478 cecitate
1153 2426 1271 2491 febriam
1294 2426 1436 2492 febm'nma

898 2503 960 2572 (sic)
975 2506 1163 2560 insomnietate
1181 2507 1346 2560 diuersorum
1363 2507 1432 2558 ima-

896 2586 973 2653 pines
990 2585 1158 2651 formantem

180 2791 330 2877 „ffigffi
432 2791 541 2853 Verum
565 2794 633 2854 inde
658 2812 672 2853 a
697 2793 815 2853 saeculo
839 2793 954 2854 decimo
982 2794 1075 2856 codex
1104 2797 1244 2857 minutias
1268 2799 1293 2855 si
1322 2797 1434 2873 excipis

223 2898 283 2931 ⁰¹¹²
345 2909 439 2970 usque
471 2892 505 2952 ad
537 2891 634 2953 studia
661 2893 849 2971 antiquarum
881 2892 1046 2953 litterarum
1077 2902 1180 2954 renata
1210 2895 1271 2954 lere
1302 2896 1433 2954 intactus

339 2990 462 3068 mansit3
490 3008 549 3067 quo
580 2989 699 3069 quidem
724 2997 858 3068 tempore
887 2989 961 3049 duae
990 2992 1176 3068 potissimum
1208 3010 1312 3052 manus
1342 2993 1373 3050 in
1398 3010 1434 3051 eo

341 3086 544 3147 versabantur.
595 3105 720 3165 quarum
754 3085 876 3145 alterius
908 3087 943 3146 ad
978 3105 1054 3149 saec.
1084 3087 1133 3146 XV
1165 3091 1343 3168 pertinentis
1375 3093 1434 3148 iam

341 3203 430 3264 supra
455 3188 565 3245 mentio
589 3185 664 3245 lacta
689 3191 735 3244 est
759 3202 826 3243 cum
846 3201 966 3243 manum
990 3186 1135 3263 quandam
1160 3190 1244 3266 nigro
1268 3197 1433 3248 atramento

340 3285 486 3362 insignem
511 3286 541 3342 in
566 3282 634 3342 folio
655 3282 751 3361 primo
775 3289 859 3341 notas
882 3276 1034 3342 ‘Persius'
1050 3279 1230 3345 ‘quenalis'
1245 3281 1434 3347 et‘rllutlrias

340 3378 445 3442 1464'
470 3381 683 3460 conscripsisse
708 3388 803 3467 etex
830 3381 903 3458 ipsis
932 3383 1041 3441 saturis
1069 3399 1118 3442 res
1141 3382 1349 3444 memorabiles
1373 3384 1430 3444 ele·

339 3483 417 3559 gissa
447 3489 477 3540 et
506 3481 535 3539 in
566 3480 697 3557 margine
731 3478 886 3538 adnotasse
918 3479 1097 3541 rettulimus.
1144 3480 1179 3540 ad
1208 3481 1284 3541 hanc
1313 3500 1432 3561 quoque

340 3596 458 3638 manum
483 3578 633 3655 pertinent
658 3594 733 3655 quae
757 3576 878 3636 exordio
902 3585 955 3637 sat.
980 3587 1079 3638 sextae
1102 3578 1250 3657 adscripta
1276 3581 1432 3660 leguntur:

339 3683 374 3743 ad
403 3701 443 3743 vs.
471 3680 487 3742 l
524 3678 581 3742 ‘De
614 3684 744 3742 statibus
771 3677 892 3741 mnndi'
931 3683 966 3743 ad
996 3703 1036 3745 vs.
1067 3668 1151 3746 15}
1184 3693 1248 3746 etas
1282 3682 1432 3768 (scannia

340 3774 439 3860 aetas)
468 3779 503 3840 ad
533 3798 574 3840 vs.
594 3776 636 3839 23
665 3775 770 3853 ‘Quod
796 3797 856 3839 non
879 3783 919 3839 sit
941 3783 1082 3841 ducenda
1105 3777 1202 3843 unor'
1223 3801 1310 3860 quam
1335 3787 1431 3844 novis·

340 3881 444 3939 simam
468 3884 567 3937 notam
591 3875 661 3936 lahn
686 3879 717 3937 in
742 3876 862 3937 scholiis
887 3880 971 3956 quasi
995 3878 1030 3937 ad
1055 3881 1174 3958 antiqua
1204 3879 1314 3940 scholia
1341 3884 1431 3960 perti-

341 3985 461 4038 nentem
486 3974 628 4035 exhibuit.
638 3969 664 4056 ¹)
710 3975 838 4052 denique
862 3984 895 4033 ut
919 3992 1057 4034 manuum
1088 3975 1210 4036 aliarum
1235 3980 1335 4037 nescio
1360 3990 1432 4056 quot

430 4179 455 4242 1)
479 4172 587 4226 Eadem
615 4188 714 4224 manus
742 4170 869 4224 versibus
897 4186 1007 4238 quoquc
1028 4170 1242 4225 ‘emendandis’
1267 4175 1380 4229 vucavit
1404 4179 1433 4229 et

338 4256 386 4310 fol.
407 4261 460 4310 80²
479 4255 544 4308 unte
559 4250 647 4305 vitum
666 4249 787 4319 priorem
802 4252 923 4316 quatuor
937 4267 1032 4304 versus
1047 4252 1225 4304 hexametros
1244 4270 1314 4320 quos
1329 4258 1433 4309 vocant

342 4334 511 4389 ‘Laouinos'
533 4330 674 4402 adspersit
