3038 4934
602 292 816 355 „33-

121 473 123 476 ·
165 478 200 518 ex
236 459 395 537 exemplari
428 460 558 518 cariosae
592 455 747 514 vetustatis
781 452 866 530 quale
900 453 1080 530 archetypon
1111 449 1135 508 X
1165 451 1254 509 luisse

165 557 312 617 affirmare
336 557 482 615 assevero.

256 654 417 715 Enncleate
441 653 586 732 agendum
615 659 679 710 erat
703 649 739 708 de
763 649 809 707 his
833 647 959 707 testibus
984 649 1103 726 optimis
1127 644 1196 705 olim
1221 643 1256 702 ab

167 755 249 812 omni
268 761 352 831 parte
374 753 508 830 integris,
528 749 648 808 brevius
668 746 853 806 absolvamus
873 745 986 823 reliqua
1008 746 1189 803 recensionis
1209 742 1256 801 ad·

167 849 307 909 minicula
331 867 406 926 qnae
432 857 483 908 aut
505 848 569 906 aliis
593 846 793 905 fundamentis
818 842 890 903 lulta
914 846 1072 921 separatim
1092 849 1258 901 tractentur

169 939 290 1006 necesse
307 957 360 1026 est,
381 947 446 1006 dico
467 945 587 1024 scholia,
602 951 653 1003 aut
667 945 783 1003 iamiam
805 944 895 1019 magis
916 944 1067 1019 magisque
1088 939 1123 999 ab
1143 941 1258 1015 integra

167 1046 310 1103 memoria
330 1044 449 1123 distant,
469 1045 606 1102 cautione
627 1040 759 1118 neglecta
774 1039 857 1098 fallax
874 1040 1080 1116 incertumque
1103 1037 1257 1113 refugium.

257 1141 373 1202 Scholia
393 1161 463 1201 vero
482 1140 518 1200 ab
538 1138 676 1199 omnibus
694 1140 800 1216 peritis
818 1140 848 1197 in
868 1139 938 1196 crisi
953 1135 1137 1197 luvenaliana
1158 1135 1255 1212 magni
1265 1141 1418 1228 ”effigere

169 1243 242 1300 lacta
268 1259 454 1318 nequaquam
478 1257 510 1298 ea
532 1256 619 1317 qrram
638 1237 725 1297 hodie
745 1236 947 1295 desideramus
967 1253 1037 1294 cura
1058 1233 1174 1310 vulgata
1193 1250 1258 1290 esse

169 1341 248 1397 inter
272 1340 351 1397 viros
375 1339 478 1397 doctos
501 1337 653 1413 convenit,
682 1352 756 1412 qliae
781 1343 881 1392 essent
909 1351 1001 1392 novae
1030 1350 1132 1391 eorum
1158 1348 1256 1389 recen·

170 1437 262 1494 sionis
287 1436 476 1495 fundamenta
496 1437 607 1512 quique
632 1435 818 1510 potissimum
845 1449 916 1490 usus
935 1430 1139 1490 demonstrare
1159 1428 1260 1489 studui

169 1531 387 1593 Meletcmatnm
408 1532 680 1617 Vinelohonensium
701 1529 756 1589 vol.
771 1529 806 1586 Vl
827 1525 931 1587 iasc2
951 1539 981 1589 et
997 1527 1045 1587 Vll
1062 1525 1090 1587 2.
1125 1535 1260 1606 spectant

171 1631 291 1709 quidem
315 1650 389 1709 quiae
413 1631 473 1691 illio
498 1631 601 1708 aperui
625 1628 659 1687 ad
686 1631 853 1686 universam
882 1625 1062 1702 scholiorum
1092 1626 1260 1702 editionem,

167 1728 203 1787 de
229 1729 376 1789 lemmatis
405 1747 480 1807 quae
504 1727 673 1805 explorasse
698 1724 770 1784 mihi
795 1727 875 1784 visus
895 1743 961 1783 suni
983 1727 1084 1803 paucis
1109 1723 1260 1783 subiciam.

169 1829 392 1885 conveniunt
424 1828 517 1885 enim
550 1843 588 1883 ea
625 1823 736 1883 multo
770 1825 978 1881 accuratius
1013 1839 1113 1900 quam
1147 1820 1260 1879 adhuc

169 1926 353 2001 cognitum
369 1933 446 1982 erat
459 1942 537 1983 cum
551 1920 973 1981 recensionePithocana
988 1929 1075 1997 atque
1088 1920 1149 1978 iere
1166 1918 1261 1978 ubivis
1339 1961 1346 1973 .

170 2023 338 2100 discrepare
366 2022 385 2080 S
410 2031 439 2081 et
463 2019 485 2079 P
509 2019 580 2079 lahn
606 2019 727 2078 adnotat
754 2018 828 2078 male
852 2037 919 2078 eum
945 2018 1082 2079 edoctum
1107 2036 1172 2077 esse
1196 2020 1261 2076 iure

171 2113 375 2200 suspicerisll,
400 2121 532 2196 exceptis
552 2118 654 2194 vigInti
675 2124 789 2175 tautum
809 2116 882 2176 locis
902 2116 1010 2196 quibus
1031 2135 1105 2194 quac
1121 2116 1262 2174 diiierunt

170 2219 249 2276 inter
274 2215 294 2275 S
314 2215 384 2276 etP
408 2218 490 2275 casui
514 2217 659 2292 originem
683 2213 793 2273 debent
818 2214 862 2273 vel
887 2214 1076 2274 librariorum
1100 2212 1262 2272 socordiae.

169 2316 335 2373 nimirum
355 2314 559 2373 lemmatum
579 2314 759 2372 lectiones
780 2311 889 2391 ubique
909 2313 1035 2373 duorum
1051 2310 1262 2389 exemplarium

170 2406 295 2490 (codicis
319 2411 474 2471 Pithoeani
498 2421 528 2470 et
552 2410 749 2488 sangallensis
775 2407 853 2490 870)
877 2410 1004 2470 fideliter
1028 2412 1261 2489 conspirantium

170 2511 349 2566 testimoniis
373 2511 504 2568 firmatae
529 2509 569 2566 ad
598 2509 691 2567 idem
715 2508 899 2586 exemplar
923 2518 1035 2586 atque
1056 2507 1078 2566 P
1102 2507 1182 2567 eth
1208 2526 1261 2564 ro-

170 2604 294 2684 deunt;
318 2609 469 2684 excerpsit
493 2604 634 2664 librarius
658 2604 776 2663 sacculo
801 2623 888 2684 nono,
913 2615 945 2663 ιιι
968 2608 1046 2665 inter
1070 2623 1173 2665 omnes
1193 2623 1260 2662 con·

172 2713 230 2763 stat
254 2703 446 2781 aliquantum,
471 2713 503 2762 ut
526 2721 580 2781 ego
604 2712 676 2781 puto
701 2701 793 2762 multo
813 2702 936 2761 inlerior
960 2712 1059 2762 textus
1079 2701 1166 2761 verba
1187 2720 1262 2779 quae

170 2802 198 2859 ei
217 2804 277 2861 visa
293 2811 363 2861 sunt
381 2802 576 2881 praefixitque
592 2799 850 2879 explicationihus3
870 2809 984 2859 servata
1001 2810 1071 2859 sunt
1091 2799 1157 2858 ideo
1174 2797 1262 2857 verba

171 2900 299 2977 optimae
320 2901 502 2958 recensionis
522 2897 624 2958 codem
646 2916 705 2975 quo
724 2898 746 2957 P
766 2896 862 2957 rivulo
882 2898 1016 2975 deducta,
1036 2905 1150 2956 servata
1170 2895 1262 2956 multo

170 2997 316 3074 integrius
340 3016 427 3075 quam
458 3014 563 3056 uersus
592 2995 703 3054 codicis
727 2994 749 3054 P
773 2994 961 3054 multilariam
987 2994 1022 3054 ab
1052 2994 1148 3055 altera·
1174 3012 1262 3053 mann

172 3097 315 3174 corrupti.
362 3114 421 3173 quo
450 3095 482 3154 iit
510 3102 544 3154 ut
566 3094 702 3153 lemmata
732 3092 926 3172 scholiorum,
951 3111 1028 3153 unns
1051 3095 1263 3170 integerrimus

171 3194 227 3251 etsi
247 3211 282 3251 ex
298 3191 398 3252 multis
413 3191 576 3252 intervallis
597 3191 716 3251 rediens
736 3192 862 3269 optimae
884 3193 1067 3251 recensionis
1087 3192 1163 3270 lons,
1177 3190 1262 3269 longo

171 3288 217 3346 vel
245 3288 400 3347 Pithoeani
432 3297 545 3348 textum
579 3291 754 3349 auctoritate
790 3299 946 3366 superent,
984 3298 1263 3367 repraesentent

172 3387 351 3444 sinceram
383 3387 520 3445 codicis
553 3388 744 3465 archetypi
773 3405 808 3445 ex
840 3405 897 3465 quo
923 3405 1025 3445 omnes
1057 3386 1124 3445 libri
1155 3388 1264 3445 servati

172 3484 291 3559 praeter
329 3483 452 3542 schedas
484 3481 639 3543 Vaticanas
676 3492 834 3544 manarunt
872 3486 1087 3543 memoriam.
1144 3486 1263 3542 omnino

172 3579 313 3639 librarius
332 3580 380 3640 ille
401 3599 468 3640 eum
489 3580 624 3641 lemmata
640 3601 655 3641 e
671 3590 753 3641 textu
774 3600 914 3641 versuum
930 3582 1095 3660 desumpsit
1108 3580 1263 3659 pueriliter

172 3677 292 3755 quidem
317 3674 367 3755 (ci.
384 3679 406 3736 ll
426 3676 488 3738 160
511 3677 740 3738 LITTORALIA
756 3678 786 3738 P.
803 3679 831 3738 P.
848 3679 897 3738 Vll
913 3676 978 3737 214
998 3677 1263 3754 nantonensi,

173 3769 242 3857 alia)
278 3775 328 3834 sed
354 3776 614 3854 scrupulosissime
645 3795 766 3836 munere
798 3796 852 3836 suo
876 3779 998 3836 surrctus
1026 3786 1084 3855 cst,
1118 3786 1150 3836 nt
1178 3777 1263 3853 longo

173 3872 310 3952 plurimis
339 3873 411 3933 locis
436 3873 456 3933 S
481 3874 569 3934 verba
600 3877 766 3935 accuratius
796 3877 904 3952 scripta
935 3874 1092 3934 exhibeant
1121 3893 1207 3951 qnam
1232 3875 1263 3952 P,

174 3974 275 4048 paneis
291 3971 363 4032 locis
379 3971 488 4051 quibus
502 3972 524 4031 P
540 3972 662 4032 meliora
677 3970 799 4050 praebet
813 3970 849 4031 lV
863 3970 924 4032 138
937 3971 1049 4046 fument
1060 3971 1090 4050 P,
1102 3971 1218 4046 sumum
1230 3971 1263 4051 83

174 4066 196 4125 V
212 4065 254 4128 45
275 4074 412 4147 zelotypo
427 4068 458 4150 P,
482 4074 620 4146 zelotype
639 4069 672 4150 S3
693 4069 715 4125 V
731 4067 772 4130 88
793 4073 885 4130 datur
900 4070 931 4147 Ι),
951 4072 1075 4130 dolritur
1091 4069 1123 4149 85
1150 4069 1183 4127 Vl
1199 4067 1263 4128 436

265 4294 290 4361 1)
320 4293 451 4362 Singulos
476 4293 553 4346 locos
578 4294 685 4347 correxi
708 4295 736 4347 in
761 4293 953 4362 disputatione
977 4294 1067 4346 aliern
1086 4309 1171 4360 snpra
1189 4309 1262 4346 com·
1343 4334 1354 4351 .

175 4372 335 4426 memoratu.

228 4470 301 4522 Brenn,
315 4472 460 4521 spicilegium
471 4473 651 4512 luvenaliununr.
1088 4469 1104 4515 3
