3038 4934
606 302 860 365 -21-’

170 482 263 542 nugas
282 467 554 543 praetermittamus
575 483 632 524 rino
653 464 714 524 fere
730 464 848 524 saeculo
863 473 929 542 post
948 464 1263 524 PetrusPithoeus

78 635 80 639 Ι
170 561 383 622 celeberrimus
406 561 455 622 ille
480 561 727 622 iurisconsultus
752 580 841 639 quem
866 561 973 621 librum
993 561 1072 621 hunc
1092 561 1261 639 possedisse

170 662 356 720 notissimum
388 668 433 720 est
461 663 490 720 in
519 679 553 720 ea
582 669 665 738 parte
689 659 800 719 codicis
829 678 917 738 quam
946 668 1062 719 saturae
1086 658 1181 719 Persii
1214 677 1262 719 ex·

169 758 252 836 plent
271 759 515 818 commentarium
537 753 785 818 ‘Cornutianum'
805 776 820 816 a
845 775 932 816 manu
957 755 1074 816 saecli
1093 756 1263 817 incohatum

170 856 205 916 ad
230 857 318 916 finem
337 856 476 934 perduxit
496 864 525 915 et
544 858 575 915 in
595 855 714 915 scholiis
734 853 930 915 luvenalianis
949 873 1068 933 quoque
1089 864 1174 914 notas
1195 872 1264 913 suas

170 953 286 1028 adiecit,
311 954 346 1014 dc
371 973 428 1032 qua
453 973 484 1014 re
509 954 585 1014 conl.
605 952 701 1013 Melet.
722 952 844 1013 Vindoh.
860 952 896 1011 Vl
911 949 976 1013 304
989 971 1032 1030 sq.

257 1052 317 1111 lam
341 1071 411 1112 vero
435 1060 528 1113 restat
555 1060 589 1111 ut
612 1069 687 1129 [puae
717 1052 804 1110 modo
833 1050 869 1110 (le
901 1049 1025 1129 singolis
1049 1049 1185 1109 manibus
1211 1045 1423 1141 enfflffixgssj

168 1150 322 1227 posuimus
347 1149 463 1210 tabulae
492 1149 669 1209 adminiculo
695 1151 741 1208 usi
761 1151 863 1227 paucis
884 1149 1075 1209 illustremus.
1112 1146 1259 1207 delinean·
1307 1154 1377 1225 ,rte

168 1256 218 1308 tur
242 1246 363 1325 quidem
392 1249 519 1325 imagine
544 1241 662 1325 (eadem
686 1265 761 1325 quae
786 1246 881 1307 codici
905 1248 961 1325 ipsi
990 1255 1035 1305 est
1059 1245 1261 1324 magnitudine

169 1338 324 1425 expressa)
356 1346 444 1423 primi
472 1343 672 1422 undetriginta
706 1353 823 1405 saturae
856 1346 968 1423 primae
1008 1340 1147 1402 versiculi
1180 1341 1261 1402 tuve-

170 1441 244 1501 nalis
275 1444 399 1521 utroque
429 1445 560 1520 margine
590 1442 709 1502 scholiis
738 1443 886 1503 instructi.
937 1450 1026 1520 atque
1055 1459 1160 1501 marrus
1188 1442 1261 1499 anti-

170 1541 329 1617 quissimae
362 1541 540 1619 scripturam
575 1542 625 1618 qui
654 1539 689 1599 acl
719 1559 794 1600 saec.
819 1538 860 1598 lll
889 1540 951 1600 fere
983 1538 1113 1599 medium
1149 1539 1262 1598 reterre

169 1636 296 1697 voluerit
309 1656 356 1697 me
372 1656 431 1697 non
445 1636 565 1698 habehit
581 1637 797 1718 adversarium;
821 1649 866 1698 est
886 1639 1033 1715 scriptura
1055 1655 1142 1715 quam
1158 1643 1264 1695 vocant

156 1735 363 1795 minusculam
387 1735 599 1814 Carolingicam
632 1735 706 1796 hene
736 1737 865 1816 exculta3
901 1734 1074 1813 compendia
1104 1733 1197 1813 nulla3
1227 1753 1263 1794 ex

170 1834 305 1911 ligaturis
329 1835 428 1893 inveni
452 1832 528 1906 solas
552 1833 661 1893 lormas
685 1835 709 1894 lt
732 1843 762 1894 et
785 1837 808 1892 te
831 1829 869 1913 (ta
894 1832 978 1892 lacile
1008 1850 1076 1892 curn
1100 1831 1203 1891 vocula
1227 1850 1262 1891 ex

168 1933 345 2001 commutari
366 1938 479 2010 potest,
508 1931 544 1990 cl.
571 1950 610 1990 vs.
636 1929 656 1991 2
681 1939 711 1991 et
734 1926 778 2011 5).
826 1932 972 2010 imprimis
1001 1948 1070 1989 vero
1100 1929 1263 1989 notandum

168 2028 303 2089 lineolam
332 2047 420 2108 supra
449 2029 565 2089 vocales
595 2029 713 2090 ductam
742 2048 800 2108 qua
829 2029 945 2089 litterae
975 2046 1003 2088 m
1032 2028 1077 2088 vel
1106 2047 1125 2087 n
1154 2029 1262 2106 signifi·

167 2135 272 2186 cantur
297 2128 442 2205 cuiusque
467 2129 496 2186 in
521 2126 605 2188 libris
630 2127 675 2187 vel
699 2127 817 2188 saeculo
848 2135 950 2186 octavo
975 2128 1096 2205 scriptis
1120 2128 1208 2185 etiam
1232 2127 1261 2184 in

168 2224 271 2284 mediis
299 2223 435 2283 versibus
463 2232 493 2284 et
522 2224 620 2284 verbis
649 2224 870 2303 vulgatissimus
899 2233 945 2284 est
974 2242 1046 2284 osus
1077 2224 1263 2301 paucissimis
1332 2267 1334 2270 Α

166 2324 262 2400 iisque
286 2331 331 2381 sat
355 2321 452 2382 dubiis
476 2321 548 2382 locis
574 2324 705 2401 exceptis
730 2339 745 2380 a
768 2323 863 2399 prima
887 2338 976 2380 manu
1007 2338 1066 2379 non
1091 2329 1262 2398 usurpatam

167 2437 246 2498 esse,
274 2437 372 2496 neque
400 2418 429 2478 id
459 2419 551 2479 multo
580 2423 698 2498 saepius
727 2422 758 2478 in
788 2417 909 2477 scholiis
938 2417 1157 2496 antiquioribus
1186 2435 1260 2495 quae

166 2515 307 2593 pterlacile
322 2517 379 2574 iam
399 2519 496 2593 primo
511 2517 617 2577 obtutu
634 2518 670 2577 ah
686 2519 731 2596 tis,
747 2535 822 2594 quae
838 2517 873 2575 ad
889 2516 1100 2575 Cornutianam
1115 2516 1262 2573 recensio·

166 2631 234 2674 ncrn
254 2615 404 2691 pertinent
424 2613 657 2692 distinguuntur.
699 2614 734 2674 ad
756 2623 885 2674 veterem
905 2615 997 2692 igitur
1016 2613 1262 2672 commentarium

167 2710 276 2770 scholia
306 2713 335 2769 in
365 2710 434 2770 lolio
462 2707 522 2770 13v
545 2711 674 2771 exhibita
702 2713 854 2790 pertinent
883 2711 968 2772 haec:
1002 2713 1032 2769 in
1064 2711 1195 2788 margine
1225 2712 1261 2769 si·

167 2810 260 2868 nistro
285 2809 409 2884 Semper
433 2827 488 2882 eoo
512 2802 647 2889 (lemma,
676 2827 794 2888 semper
823 2809 884 2868 lere
909 2827 925 2867 a
948 2808 1044 2886 glossa
1068 2814 1178 2884 puncto
1203 2806 1261 2866 dis·

166 2898 306 2988 tinctum)
336 2940 377 2946 -
407 2909 643 2967 demonstrando
681 2914 790 2967 notare
818 2898 913 2988 (11),
951 2905 1095 2982 Telephus
1122 2938 1158 2945 -
1186 2906 1263 2965 utcu

165 2998 262 3085 (15),
291 3005 432 3080 Scriptus
459 3038 495 3045 -
522 3008 670 3066 occidisse
694 2999 791 3088 (16),
821 3006 951 3065 Vulcune'
976 3038 1012 3045 —
1040 3007 1143 3080 posuit
1166 2995 1261 3084 (19),

166 3105 285 3163 Aeaeus
312 3137 348 3143 —
372 3102 502 3178 suerunt
530 3098 557 3184 (l
589 3101 656 3184 10),
690 3107 852 3165 Frontonis
878 3137 915 3144 -
942 3104 1116 3163 recitabunt
1143 3093 1261 3182 (112),

165 3203 257 3274 Fe'put
285 3219 394 3276 uprum
421 3236 451 3242 -
484 3199 781 3282 Ια191α1111023),
814 3203 886 3262 Cum
910 3218 988 3277 pars
1015 3234 1051 3241 —
1076 3198 1260 3274 facultatum

167 3291 274 3376 (126),
305 3298 450 3359 Ventiletu
469 3333 506 3340 --
524 3304 684 3361 inuenerat
701 3292 801 3383 (128)
821 3301 852 3357 111
870 3299 1002 3376 margine
1022 3295 1140 3356 dextro:
1168 3296 1262 3356 Cordi

170 3426 206 3433 -
234 3395 351 3454 theseus
376 3389 462 3477 (12),
487 3398 542 3457 Ille
565 3405 685 3470 topatus
707 3431 743 3438 —
763 3396 841 3471 feeit
864 3390 950 3477 (13),
978 3395 1122 3469 Telephus
1145 3426 1181 3433 —
1205 3411 1259 3453 uu·

168 3494 258 3551 tritus
282 3499 326 3551 est
349 3487 437 3574 (15),
471 3494 591 3554 Orestes
614 3528 655 3535 —
680 3502 806 3554 matrem
830 3489 858 3572 (l
882 3490 930 3574 6),
960 3494 1056 3564 Oreum
1074 3493 1152 3551 mihi
1173 3495 1260 3553 lucus

168 3623 208 3629 —
231 3593 353 3664 peperit
375 3584 402 3673 (l
418 3584 462 3674 l),
490 3592 607 3668 Canopi
629 3625 670 3634 -
695 3595 846 3652 extinctus
869 3599 914 3652 est
937 3585 1053 3670 (126),
1077 3596 1165 3667 atque
1189 3589 1259 3649 lem·

167 3695 243 3747 mata
267 3689 376 3748 mirum
406 3692 437 3748 in
470 3689 590 3750 modum
621 3692 669 3750 ita
699 3689 896 3750 distributa
925 3706 1004 3748 esse
1033 3686 1193 3747 videmus
1222 3696 1260 3747 ut

168 3803 255 3862 quae
279 3786 427 3846 initium
451 3805 578 3847 versus
602 3788 786 3848 cuiusdam
811 3785 986 3865 praebent
1014 3793 1196 3865 ponantur
1223 3786 1259 3844 in

326 3966 392 4020 Nou
409 3967 487 4020 niodo
506 3969 549 4021 uir
568 3969 634 4021 tulis
650 3974 682 4022 ut
700 3968 812 4021 Persius
830 3973 856 4022 et
873 3968 1015 4021 luvenalis

331 4048 405 4101 Viuit
423 4048 455 4099 iu
473 4048 521 4101 hoc
539 4051 641 4103 rouredo
660 4050 709 4118 qui
727 4049 839 4117 corripit
857 4064 901 4100 ore
919 4049 1036 4101 coeundo

328 4126 451 4180 (literature
465 4144 616 4195 porrorum
633 4130 769 4182 enatorum
787 4129 842 4182 sioe
860 4129 997 4182 neruorum

326 4207 404 4260 Huic
418 4213 555 4276 praeeunt
573 4225 636 4262 cero
653 4225 758 4263 errorum
777 4208 911 4262 titubante
928 4213 1038 4262 statera.

166 4301 374 4435 Iidemfvprsus
398 4303 581 4358 inveniuntur
603 4304 633 4358 in
656 4306 713 4368 luv.
738 4305 798 4359 cod.
814 4305 923 4359 Monac.
940 4311 985 4376 ts,
1005 4303 1052 4356 fol.
1070 4308 1144 4370 39913
1172 4301 1256 4358 Vind.

167 4387 245 4452 3114,
277 4400 313 4438 0.
333 4389 395 4439 sev.
