3038 4934
556 286 773 349 „45-

117 455 264 513 riosorum
300 449 481 511 umbraculis
520 466 606 527 quam
644 466 679 507 ex
717 458 815 508 textus
854 457 990 509 accurata
1028 447 1196 524 cognitione

118 551 252 628 repetita,
276 550 470 627 ignorantiam
490 546 624 625 profiteri
644 563 732 623 quam
755 545 894 606 hariolari
917 549 1009 606 satius
1033 545 1116 623 duxi3
1145 561 1204 603 non

119 656 216 707 autem
248 664 370 725 possum
401 664 460 705 nou
498 652 619 722 tangere
650 646 854 721 quaestionem
889 644 924 703 de
958 652 1074 704 saturae
1111 648 1210 717 sextae

118 745 249 804 decimae
279 751 382 803 natura
412 750 500 820 atque
525 740 808 807 condicionevarie
837 760 851 800 a
881 743 968 800 variis
997 738 1211 819 interpretibus

119 850 282 920 tractatam,
307 859 403 919 neque
428 849 525 901 tamen
551 848 584 898 ut
602 839 708 916 opinor
732 840 766 899 ad
792 840 879 899 finem
904 838 1085 917 perductam.

208 940 304 1019 Atque
328 939 357 999 id
382 938 500 1016 quidem
525 938 713 996 notissimum
738 947 797 1017 est,
821 936 923 996 adesse
943 937 1111 996 testimonia
1136 952 1210 1012 quae
1231 922 1361 1007 ,ῗξζζῗζζξ

120 1036 288 1097 luvenalem
319 1040 480 1115 quinque
507 1034 622 1093 libros
652 1036 807 1113 scripsisse
841 1035 988 1093 affirment
1016 1050 1144 1112 utrorum
1177 1051 1211 1090 ex
1232 1029 1362 1116 ¹⁰³2,022f¹‘¹¹·

120 1139 280 1197 novissimo
301 1138 392 1195 citant
408 1131 532 1210 ‘quodsi
548 1135 717 1193 subeuntur
728 1151 880 1209 prospera
895 1127 1016 1192 costru'
1031 1131 1211 1207 Priscianus,

124 1230 170 1294 ‘et
184 1235 289 1293 Samio
301 1236 446 1307 peracute
460 1250 539 1306 quoe
553 1234 723 1292 delectatur
736 1224 881 1302 hcreho',
902 1224 1140 1305 ‘exspectandus
1155 1231 1214 1286 erit

125 1335 179 1405 qui
198 1335 264 1391 h'tes
284 1332 404 1390 inchoet
423 1325 536 1390 anhus'
557 1328 687 1408 Servius,
707 1337 823 1387 saturae
843 1335 942 1386 sextae
962 1327 1093 1386 decimae
1109 1343 1213 1384 versus

123 1426 158 1507 2,
182 1425 216 1508 6,
239 1425 296 1508 42,
329 1447 418 1506 quam
446 1437 575 1487 saturam
604 1429 697 1506 ipsius
727 1435 829 1504 poetae
859 1425 958 1486 stilum
983 1443 1086 1502 sapere
1111 1441 1213 1482 omnes

124 1529 307 1586 recentiores
338 1529 517 1604 interpretes
546 1533 768 1604 concesserant,
805 1522 919 1583 abiecto
953 1523 1001 1582 illo
1040 1521 1213 1582 scholiastae

123 1618 203 1684 ‘Icto
233 1643 253 1684 α
277 1628 433 1700 plerisque
460 1626 635 1700 exploditur
663 1632 691 1683 et
720 1624 834 1682 dieitur
861 1640 920 1682 noh
949 1640 1013 1682 esse
1037 1612 1214 1680 Iorrenale‘s'.

125 1723 331 1800 imperfectum
356 1741 421 1782 esse
446 1740 565 1781 carmen
590 1739 657 1780 cum
683 1721 807 1796 exiguus
831 1719 959 1779 ambitus
983 1725 1045 1778 tum
1072 1724 1131 1777 tota
1156 1716 1213 1774 dis-

123 1821 230 1897 positio
260 1821 357 1897 arguit
381 1837 544 1897 versusque
567 1820 718 1896 septimus
748 1817 782 1876 ad
814 1835 901 1895 quem
931 1834 999 1877 cum
1028 1817 1102 1875 scite
1127 1816 1213 1874 aduo-

123 1919 196 1977 tavit
223 1915 365 1976 Weidner
399 1911 525 1976 ‘Zuerst
552 1919 609 1976 soll
634 1932 690 1974 oon
715 1917 773 1974 den
806 1918 1002 1993 ollpemeinen
1033 1914 1215 1989 Vorthet'len,

122 2017 149 2074 d.
170 2016 198 2074 h.
217 2016 330 2074 welche
353 2008 503 2088 Oshztere
535 2016 600 2073 tend
629 2014 769 2073 Gemee'ne
798 2016 982 2087 perrecturam
1015 2014 1128 2085 haben,
1160 2029 1212 2085 pe-

120 2114 270 2188 rproeheh
293 2115 427 2171 werdere.
468 2113 525 2171 Dte
544 2112 647 2171 Sotire
671 2112 771 2170 bricht
794 2113 869 2170 aher
889 2113 1052 2186 ploetzh'rh
1076 2111 1115 2169 oh
1138 2109 1216 2168 ohne

122 2214 169 2269 chr
198 2211 282 2270 Wort
308 2227 364 2269 con
389 2213 447 2270 den
479 2213 664 2270 heronderen
696 2208 866 2268 Vorthee‘len
891 2211 947 2268 der
970 2207 1118 2283 Ostize'ere
1141 2207 1216 2265 oder

122 2311 177 2368 der
203 2309 364 2368 Geraeinen
389 2310 605 2367 mitzuthet'leh.
655 2308 693 2366 Es
722 2310 760 2366 e'st
783 2311 847 2366 also
872 2324 928 2365 dus
952 2309 1008 2365 der
1034 2307 1214 2381 Disposittou

121 2404 363 2484 uhzeoeifethust,
388 2408 458 2464 cluss
478 2408 527 2464 dic
542 2405 645 2464 Sotire
663 2424 724 2464 nur
738 2407 905 2478 Fragment
924 2407 969 2478 ist,
993 2421 1064 2478 moe
1086 2406 1130 2462 she
1152 2421 1215 2462 neth
1282 2465 1285 2470 ,

124 2507 169 2563 uls
192 2506 307 2562 colchos
331 2520 395 2561 vom
420 2503 548 2562 Dichter
571 2504 774 2562 hinterlossen
797 2505 873 2561 oder
896 2509 959 2561 erst
982 2505 1021 2560 im
1036 2499 1136 2575 Lause
1160 2502 1216 2558 der

124 2600 190 2659 Zeit
212 2603 261 2659 ein
289 2599 374 2659 Theo
399 2601 538 2658 cerloreu
564 2616 725 2673 pepanpen
754 2593 845 2678 setn',
875 2601 971 2658 minus
1000 2610 1081 2657 recte
1106 2598 1215 2675 pergit:

127 2698 191 2756 Dar
206 2698 332 2756 Erstere
352 2700 389 2755 ist
412 2697 676 2769 woltrschee'hlich,
701 2699 772 2755 weil
792 2699 955 2756 schohdte
977 2695 1136 2771 l'erfosser
1160 2697 1216 2754 der

122 2796 268 2855 Schoh'en
291 2796 375 2854 nicht
398 2796 484 2854 mehr
502 2794 637 2852 hountec
657 2798 702 2852 als·
725 2811 783 2853 uns
801 2793 998 2869 ueberttefert
1020 2798 1075 2862 e‘st;
1099 2810 1166 2851 nam
1190 2794 1214 2848 si

123 2912 192 2956 vere
216 2892 295 2952 soliis
319 2891 496 2970 quibusdam
526 2891 636 2951 codicis
660 2890 811 2970 archetypi
840 2893 1014 2969 interceptis
1043 2908 1146 2949 versus
1170 2909 1213 2947 sa·

123 3000 207 3052 turae
223 3000 323 3051 sextae
343 2990 475 3050 decimae
494 2989 627 3067 reliquos
645 2989 773 3066 periisse
793 2997 936 3063 statuunt,
956 2989 1021 3048 lieri
1041 3006 1098 3047 non
1119 2989 1216 3066 potuit

122 3091 193 3168 quin
217 3107 275 3150 una
299 3091 432 3167 perirent
456 3086 567 3147 scholia
592 3087 721 3166 adpicta,
746 3086 797 3145 sed
821 3094 882 3146 tota
907 3106 955 3146 res
979 3087 1051 3146 mihi
1075 3085 1160 3146 aliter
1184 3103 1214 3144 se

122 3186 232 3246 habere
252 3187 375 3246 videtur.
414 3188 546 3265 exceptis
562 3187 640 3244 euim
660 3184 780 3245 scholiis
800 3184 834 3243 ad
856 3203 959 3245 versus
975 3183 1024 3242 Vll
1042 3178 1215 3244 129-158

123 3282 283 3359 dequibus
299 3285 397 3343 statim
412 3283 500 3342 verba
521 3283 625 3343 faciam
645 3285 926 3343 commentariorum
942 3300 1050 3361 corpus
1069 3296 1214 3359 nusquam

122 3381 365 3456 interrumpitur,
394 3378 550 3457 explicavit
577 3382 727 3458 interpres
756 3391 788 3441 ut
812 3383 906 3440 visum
935 3390 979 3440 est
1007 3379 1094 3439 modo
1122 3377 1216 3455 partis

124 3475 276 3536 cuiusdam
302 3494 406 3536 versus
425 3494 528 3535 omnes
548 3472 599 3554 (cl.
619 3475 710 3537 schol.
730 3478 765 3537 ad
786 3477 822 3536 Vl
837 3475 1000 3558 94-106,
1027 3471 1215 3555 143-156)

124 3572 211 3632 modo
236 3576 354 3634 transiit
378 3572 540 3635 versiculos
569 3573 643 3633 duos
674 3583 785 3653 tresve,
814 3575 891 3635 haud
919 3577 959 3634 ita
988 3592 1075 3652 saepe
1106 3572 1215 3652 plures.

122 3675 153 3732 in
178 3682 259 3733 sexta
290 3672 403 3733 decima
432 3691 501 3732 vero
530 3681 630 3731 satura
658 3690 815 3732 numerum
844 3672 1025 3733 scholiorum
1055 3690 1216 3752 rarescere,

122 3773 185 3849 ipsa
214 3771 259 3831 vel
289 3772 412 3830 maxime
444 3773 542 3831 tenuia
571 3779 601 3830 et
625 3769 708 3829 exilia
733 3772 798 3830 lieri
826 3773 940 3848 primus
967 3771 1052 3831 docet
1081 3770 1215 3830 obtutus:

122 3868 246 3948 implent
279 3868 393 3947 glossae
427 3870 460 3929 ad
496 3867 558 3927 XVl
586 3864 693 3929 1-60
726 3871 860 3948 paginam
894 3870 1031 3930 editionis
1060 3868 1215 3928 lahnianae

124 3966 221 4046 duam,
240 3966 275 4026 ad
295 3966 345 4026 XV
363 3964 471 4027 1-60
489 3969 610 4045 paginas
630 3975 700 4046 tres,
724 3967 931 4045 quindecim
951 3986 1073 4028 versus
1097 3967 1216 4025 novis-

124 4065 206 4124 simi
225 4075 277 4125 sat.
293 4064 357 4124 XVI
377 4066 518 4124 omnino
538 4063 848 4142 explicationibus
870 4074 1009 4142 carent,
1033 4083 1101 4125 cum
1119 4063 1215 4141 glossa

124 4161 158 4221 ad
184 4181 224 4222 vs.
243 4160 286 4223 52
310 4182 325 4222 a
345 4162 446 4222 lahnio
471 4160 600 4221 exhibita
624 4179 683 4220 non
704 4162 738 4222 ad
758 4165 911 4241 antiquum
937 4163 1216 4223 commentariorum

124 4277 233 4338 corpus
256 4263 411 4339 pertineat.
458 4278 533 4339 quae
557 4263 689 4321 comita
712 4262 780 4342 sint,
805 4262 861 4321 iam
886 4262 956 4340 quid
980 4261 1017 4320 de
1042 4259 1216 4319 scholiastae

124 4375 215 4435 opera
237 4359 428 4419 statuendum
457 4359 495 4418 sit
524 4357 647 4418 dubium
672 4378 737 4420 esse
762 4360 879 4436 nequit:
907 4357 1122 4436 interpretandi
1152 4359 1214 4417 old·
