3038 4934
605 283 822 348 -51-

168 451 199 508 in
228 451 284 509 der
308 450 406 508 Proca
433 450 540 522 hdufiq
565 464 684 527 penca,
705 449 839 508 sondern
862 450 965 509 machi
987 450 1068 509 anch
1090 451 1260 510 noctririer

168 549 218 607 die
240 547 437 621 Durstellunp
459 544 622 620 Irrdstiper,
650 547 690 604 ist
716 546 890 622 iiberlraupt
917 549 987 607 echt
1000 547 1259 623 juvenalianisch,

168 663 196 704 z.
215 645 249 704 B.
270 645 308 703 II
321 644 351 719 8,
371 645 426 703 III
442 641 511 721 183,
536 642 586 701 IV
602 640 631 716 9,
652 641 714 702 VII
728 644 801 718 145,
822 640 1259 721 1X122,X190‚r11120’

172 774 209 783 -
238 741 385 801 attidem
414 739 537 801 habeam
566 759 601 800 eo
632 739 773 801 libentius
797 740 942 822 adducor,
970 741 1047 821 qnod
1079 742 1259 803 Pithoeanus

169 858 286 919 qnoque
311 837 456 899 hocloco
480 845 525 899 est
547 840 664 900 omittit.

256 964 283 1023 ll
301 961 344 1025 30
355 982 398 1042 sq.
516 966 637 1039 ...qui
659 970 731 1024 tunc
755 967 836 1038 iepes
859 965 1025 1026 reuocabat
1047 981 1172 1025 amaras
1272 994 1292 1029 11
1303 998 1326 1030 ao
1335 1007 1363 1039 u.

213 1063 349 1124 omnibus
372 1068 465 1136 atquc
487 1062 562 1136 ipsi
591 1060 703 1121 Veneri
724 1061 881 1136 Martique
904 1064 1052 1123 timendas

168 1186 327 1248 lectionem
352 1188 411 1262 ipsi
433 1183 503 1244 lahn
528 1185 611 1244 etin
634 1187 735 1264 priore
759 1193 789 1245 et
811 1187 842 1245 in
866 1185 958 1246 altera
983 1185 1113 1246 editione
1137 1186 1261 1247 retinuit

170 1302 346 1364 quamquam
362 1284 527 1343 rectissIme
543 1280 701 1343 oblocutus
715 1291 761 1343 est
776 1282 926 1344 Hermann
942 1279 1048 1363 (prael.
1064 1282 1108 1343 ed.
1123 1303 1151 1363 p.
1167 1279 1261 1365 xxll:

170 1383 235 1458 ipsi
263 1383 342 1442 Iuhn
371 1396 439 1441 curn
462 1380 541 1439 Pide.
564 1382 654 1453 quasi
677 1383 797 1456 potiore
827 1381 951 1441 Veneris
979 1383 1152 1442 conditione
1175 1386 1263 1443 cuins

168 1498 230 1556 par
253 1496 322 1540 curn
336 1478 440 1538 Marte
463 1481 546 1537 Iocus
565 1486 627 1549 est;
649 1495 706 1538 nec
729 1481 812 1552 quod
828 1474 919 1540 uerbo
938 1482 1133 1541 concedimus
1150 1487 1185 1541 ut
1202 1485 1262 1543 dero

168 1578 304 1638 subiecta
327 1577 481 1651 sInpulari
502 1592 628 1636 numero
648 1578 811 1637 antecedat
829 1578 976 1637 attributo
995 1581 1141 1638 conuenit.
1180 1580 1262 1656 atqui

168 1673 347 1735 Pithoeanus
379 1672 409 1732 id
443 1671 521 1752 quod
551 1671 701 1734 Hermann
730 1674 841 1752 flagitat
869 1677 941 1750 ipsis
968 1671 1103 1753 praebet,
1136 1692 1191 1752 qua
1225 1675 1261 1733 de

169 1791 256 1832 cansa
283 1775 342 1849 ipsi
363 1780 409 1831 est
433 1768 658 1847 explodendum.

256 1895 282 1956 ll
301 1891 343 1956 43
352 1913 395 1973 sq.
486 1897 617 1969 quodsi
639 1901 791 1956 vexantur
814 1898 908 1972 trees,
932 1901 970 1955 at
989 1897 1070 1955 iure
1092 1898 1188 1956 altari
1273 1927 1325 1960 114³
1336 1936 1364 1968 n.

211 1999 283 2053 ante
305 2010 406 2053 ornnes
429 1992 518 2052 debet
540 1992 710 2053 Scantinia.

167 2115 202 2175 ad
231 2117 410 2195 scripturam
434 2133 450 2176 a
474 2114 577 2175 lahnio
606 2117 778 2177 coniectura
807 2117 941 2178 effectam
972 2126 1164 2178 accesserunt
1186 2117 1259 2178 ller-

168 2230 256 2272 mann
283 2209 416 2272 Ribbeck
440 2211 595 2291 Weidner,
623 2215 734 2274 restitit
762 2216 790 2275 ei
814 2231 910 2292 nuper
938 2212 1024 2273 docte
1053 2221 1083 2273 et
1111 2211 1261 2276 subtiliter

168 2309 276 2370 Vahlen
301 2303 375 2391 (ind.
395 2309 462 2370 leot.
483 2318 555 2371 aest.
578 2309 674 2371 Berol.
697 2308 791 2393 1884,
815 2330 844 2390 p.
864 2304 931 2393 21).
977 2313 1167 2372 coniecturae
1191 2331 1260 2372 vero

167 2407 323 2468 lalmianae
348 2417 381 2468 ut
403 2407 628 2468 fundamentum
652 2407 824 2470 subtraham
844 2408 1025 2470 scholiorum
1045 2409 1181 2470 lemmata
1201 2429 1260 2470 non

169 2523 209 2565 ac
234 2508 302 2566 iure
325 2504 377 2565 sed
402 2504 503 2564 eadem
527 2514 616 2584 atque
640 2525 745 2567 versus
768 2507 873 2569 cod.P

604 2639 676 2691 actu
699 2635 831 2693 recitari

168 2754 326 2836 praebent3
343 2754 421 2834 qnod
438 2757 463 2815 si
474 2750 517 2816 ‘in
528 2757 584 2816 der
596 2756 948 2831 Gericirtsoerlrandluna
958 2749 1135 2830 aortrapen'
1145 2763 1261 2816 vertere

167 2852 249 2935 reiis,
272 2853 357 2914 deest
380 2852 475 2913 simile
499 2852 677 2934 exemplum,
700 2870 759 2931 quo
784 2858 856 2912 actu
880 2870 974 2931 aeque
997 2861 1086 2931 atque
1111 2846 1154 2911 ‘in
1177 2847 1262 2912 actu'

167 2946 361 3033 usurpaturl)
388 2968 554 3030 parumque
590 2949 751 3029 respondet
777 2952 911 3010 recitari
936 2952 1002 3011 voci
1029 2957 1183 3010 vexantur
1210 2951 1259 3010 eni

167 3058 248 3110 recte
281 3068 317 3110 ex
350 3049 442 3111 altera
473 3056 557 3128 parte
590 3051 687 3110 citari
716 3048 875 3108 convenire
909 3065 1011 3109 omues
1038 3048 1176 3108 viderunt
1205 3050 1262 3108 vlri

167 3146 256 3228 docti,
279 3147 349 3208 licet
372 3166 431 3208 non
455 3157 567 3208 temere
587 3146 737 3207 haeserint
755 3147 786 3206 in
805 3145 932 3207 lectione
951 3146 1076 3228 vulgata,
1099 3163 1186 3224 quam
1208 3148 1259 3224 qni

168 3239 312 3324 defendit,
345 3244 455 3305 Vahlen
488 3243 622 3323 exemplo
655 3243 740 3305 allato
769 3240 884 3305 X293
893 3262 949 3306 ss·
960 3247 1024 3306 Sed
1049 3251 1131 3305 aetat
1158 3246 1263 3319 optari

163 3339 278 3414 factem
302 3341 447 3402 Lucretia
471 3345 590 3415 quarem
614 3343 685 3418 Ipsa
708 3344 828 3418 habuit,
851 3350 977 3419 cuperet
1000 3343 1125 3402 Rutilae
1155 3342 1259 3416 Verei-

166 3441 220 3499 nia
247 3440 373 3514 pihbum
400 3442 543 3516 accipere
570 3446 661 3514 atque
688 3457 775 3501 suam
802 3441 926 3501 Rutilae
954 3443 1045 3518 dare,
1077 3437 1134 3498 hoc
1168 3456 1258 3517 quern

167 3543 329 3597 tractamus
352 3537 417 3597 loco
440 3535 516 3597 bene
539 3538 647 3598 relerri
671 3541 743 3599 iura
766 3536 801 3597 ad
826 3544 898 3598 ante
920 3554 1021 3598 ornnes
1044 3545 1075 3598 et
1098 3538 1261 3598 Scantinia

238 3728 265 3795 1)
285 3724 325 3781 Of.
344 3724 550 3780 Foroellini-De
564 3725 614 3780 Vit
625 3743 646 3779 s.
656 3743 695 3779 v.:
715 3725 802 3780 Actus
819 3743 911 3783 rernm
928 3735 994 3784 suni
1011 3730 1122 3800 nepotia
1136 3727 1260 3795 forensia

166 3807 238 3863 Suet.
249 3807 322 3878 Auq.
334 3810 377 3862 32.
415 3807 459 3861 Ne
482 3808 554 3878 quod
576 3806 740 3875 maleficium
756 3809 926 3877 nepotiumoe
943 3810 1107 3879 inmunitate
1124 3811 1166 3865 ael
1183 3828 1261 3865 mora

168 3887 329 3955 elaberetur,
347 3887 465 3956 tripinta
483 3887 603 3956 amplius
620 3887 679 3941 dice
693 3929 700 3941 .
715 3928 721 3942 .
738 3929 744 3941 .
760 3928 766 3940 .
782 3890 859 3942 aaut
876 3906 968 3944 renna
986 3891 1180 3957 uceunodnait,
1197 3891 1223 3943 Ir.
1239 3907 1259 3944 c.

166 3967 279 4021 iudiciis
297 3967 453 4022 exercendis
467 4008 473 4021 .
489 4007 496 4022 .
511 4008 518 4022 .
533 3967 577 4022 Id.
596 3967 663 4022 ibid.
682 3971 720 4023 23
738 3967 842 4022 Rerum
861 3975 952 4025 actum
969 3971 1115 4026 coniunxit
1131 3969 1157 4024 ir.
1176 3982 1198 4022 c.
1216 3971 1260 4022 iu·

166 4046 241 4101 dicia
268 4048 422 4102 coniuratis
447 4048 582 4102 nnneibue
609 4048 688 4114 scriis
715 4064 772 4103 non
793 4049 950 4120 interrupta
971 4051 1033 4118 fieri
1054 4050 1143 4104 iussit.
1181 4048 1261 4102 Adde

166 4126 246 4182 Pliu.
266 4129 388 4198 epistd.
407 4131 445 4183 25
463 4132 481 4181 3
502 4135 528 4183 et
555 4128 582 4183 U
584 4129 620 4197 lp.
639 4129 694 4198 dip.
715 4133 768 4183 116
785 4132 803 4183 4
827 4131 877 4184 ubi
901 4136 978 4186 nctus
1003 4131 1124 4185 absolute
1144 4129 1262 4198 partitur

163 4223 216 4274 pro
235 4214 299 4262 actu
317 4225 416 4263 rerum.
454 4208 520 4262 Huc
534 4210 656 4277 pertinet
674 4209 869 4279 quodammodo
888 4211 971 4265 etiarn
989 4211 1063 4265 locus
1088 4208 1196 4278 Quinct.
1215 4215 1260 4263 10.
1317 4226 1320 4233 ·

171 4292 196 4340 1.
207 4290 240 4340 31
259 4289 309 4343 udi
326 4291 463 4344 orationes
480 4289 550 4343 dicit
568 4289 606 4342 ud
623 4294 714 4345 adeun
731 4290 773 4344 rei
795 4295 821 4345 et
838 4290 877 4344 ud
891 4305 1016 4360 pupnunr
1029 4290 1049 4343 i.
1064 4305 1085 4343 e.
1100 4288 1138 4342 ud
1150 4304 1261 4344 causum

168 4367 201 4419 iu
217 4368 332 4424 iudiciis
348 4369 492 4440 rependam.
