3038 4934
664 295 877 360 „54-

69 457 219 543 Xssenssmffi
231 462 293 522 lose
331 471 451 522 secutus
484 460 561 521 baird
597 462 698 539 paucis
733 459 805 518 locis
849 475 994 518 consonas
1028 452 1156 517 ‘tenues'
1191 452 1322 517 ‘mediis'

98 564 199 596 ranna.
229 559 415 639 posthabuit,
439 558 530 618 veluti
558 558 733 636 plerumque
759 557 834 635 typis
858 557 987 634 imprimi
1017 557 1104 615 iussit
1132 558 1234 629 adque
1266 572 1322 632 pro

230 659 484 737 aeneasannos
508 651 535 738 (I
553 649 587 738 6)
612 655 675 714 alia.
714 672 771 732 qua
793 655 824 713 in
842 663 881 712 re
905 653 931 711 si
956 653 1022 729 quis
1046 651 1200 729 exemplar
1219 652 1322 711 arebe-

230 765 331 835 typum
356 754 496 832 effingere
521 760 551 813 et
574 754 733 813 restituere
753 749 888 830 voluerit,
906 748 1098 810 tolerabimus
1118 749 1243 809 sortasse
1263 749 1321 809 boc

230 854 359 913 studium
384 853 472 931 idque
497 853 525 911 in
547 868 633 911 causa
658 850 749 909 fuisse
773 846 899 926 videtur,
923 864 977 906 cur
992 846 1091 924 Mayor
1115 848 1145 906 in
1160 849 1320 907 novissima

230 968 349 1028 quoque
374 950 503 1008 editione
528 966 587 1007 non
611 946 646 1006 ab
672 947 717 1006 bis
740 944 919 1006 lectionibus
943 945 1076 1025 recessit,
1100 961 1173 1022 quas
1197 942 1268 1005 Iahn
1288 947 1318 1005 in

231 1046 321 1106 altera
339 1046 467 1106 editione
482 1047 539 1105 iam
554 1051 723 1125 respuerat3
742 1061 839 1121 neque
854 1049 952 1101 tamen
969 1060 1004 1101 eu
1019 1041 1163 1101 librorum
1179 1044 1320 1102 memoria

231 1145 285 1204 bae
310 1147 440 1204 rationes
463 1143 574 1205 habent
592 1162 651 1223 quo
671 1141 831 1202 fulciantur
850 1158 917 1200 cum
936 1139 1030 1199 Iabnii
1049 1150 1116 1200 nota
1136 1140 1172 1200 ad
1191 1159 1232 1200 vs.
1253 1136 1323 1200 165

232 1238 344 1317 ‘adacte
363 1242 385 1301 P
412 1260 530 1320 semper
554 1248 645 1316 atque
668 1235 699 1318 p'
724 1239 879 1298 salsissima
902 1239 941 1297 sit
963 1239 1095 1317 ipsisque
1118 1237 1192 1298 Iocis
1216 1237 1325 1317 quibus

232 1338 303 1398 Iabn
336 1346 428 1413 atque
460 1340 587 1398 servavit
619 1338 805 1414 infringatur.
857 1335 950 1396 codex
978 1334 1094 1395 Pithoei
1123 1353 1192 1394 vero
1222 1337 1325 1414 paucis

179 1496 197 1502 ,,
232 1437 304 1496 loeis
334 1437 466 1514 exceptis
497 1454 614 1515 semper
643 1443 735 1512 atque
758 1434 890 1513 exhibet,
917 1432 1037 1493 lectioni
1061 1427 1216 1494 ‘scribtus’
1242 1427 1269 1515 (I
1289 1427 1325 1515 6)

233 1533 342 1594 nuliam
371 1534 577 1594 auctoritatem
607 1536 705 1593 inesse
734 1531 870 1592 lemmate
898 1531 1059 1591 edocemur
1088 1538 1170 1590 recte
1193 1534 1327 1606 scriptas

233 1630 391 1692 exhibente
416 1649 512 1711 neque
537 1632 621 1691 aliter
645 1650 693 1692 res
718 1650 750 1692 se
770 1629 858 1689 babet
877 1647 918 1689 vs.
937 1624 1054 1687 V1266
1074 1627 1126 1687 ubi
1144 1627 1215 1687 Iabn
1237 1622 1325 1688 ‘snm-

232 1724 323 1789 sere't'
348 1730 476 1806 scripsit,
500 1729 522 1788 P
542 1748 611 1790 vero
631 1737 661 1789 et
679 1729 703 1788 Α
719 1735 800 1788 recte
816 1724 959 1804 praebent
972 1727 1133 1800 sumpserit
1148 1717 1200 1807 (ci.
1215 1724 1256 1784 III
1272 1723 1324 1806 80,

234 1825 270 1886 IV
289 1824 341 1906 30,
362 1825 426 1884 XlV
442 1824 492 1905 16,
517 1825 580 1886 XVI
595 1821 662 1910 40).

325 1947 428 2009 Obiter
459 1957 573 2028 tangam
606 1948 763 2010 nonnullos
793 1948 875 2008 iocos
905 1947 1012 2026 rpribus
1040 1947 1076 2007 de
1106 1947 1203 2008 littera
1234 1943 1326 2041 basoli
1367 1962 1372 1970 ·

114 2108 189 2132 m
234 2045 413 2106 intendenda
446 2045 492 2105 vel
520 2046 654 2106 eiciendo
681 2045 752 2105 Iabn
777 2045 928 2105 dubitavit.
975 2053 1062 2123 atque
1086 2042 1183 2105 1222
1207 2045 1327 2124 quidem

715 2150 730 2178 n

234 2198 286 2259 ubi
305 2197 369 2259 cod.
389 2197 570 2259 Pithoeanus
580 2215 738 2273 praepares
757 2195 886 2276 exhibet,
909 2215 929 2256 n
950 2215 1038 2275 supra
1055 2199 1199 2275 seriptum
1215 2198 1328 2275 primae

235 2314 270 2355 an
295 2295 379 2356 alteri
399 2298 499 2355 manui
518 2294 661 2355 debeatur
680 2311 783 2373 parum
804 2292 911 2375 iiquet3
930 2294 956 2353 II
971 2291 1014 2354 55
1026 2301 1248 2371 praeparantem
1263 2297 1327 2354 sine

235 2391 325 2453 dubio
340 2411 355 2452 a
368 2395 463 2471 prima
479 2411 565 2453 manu
581 2393 749 2471 proiectum
765 2399 819 2471 est,
838 2400 940 2451 contra
958 2390 993 2450 VI
1008 2388 1074 2453 405
1093 2393 1217 2452 sormam
1233 2410 1326 2468 prae·

232 2496 356 2566 anatem
376 2493 503 2551 servavit
521 2484 572 2571 (cf.
593 2489 677 2568 Verg.
697 2490 767 2549 Aen.
784 2488 833 2548 VII
848 2485 923 2568 320,
939 2488 964 2548 Χ
981 2486 1045 2551 104
1065 2489 1109 2550 ed.
1124 2489 1210 2550 Ribb.
1225 2488 1327 2551 Horat.

236 2580 543 2671 mutuentur).
562 2621 599 2630 —
618 2587 653 2646 VI
672 2583 734 2648 156
749 2590 897 2648 adamans
920 2589 951 2647 in
966 2586 988 2647 P
1008 2587 1066 2666 legi
1085 2589 1143 2647 iam
1157 2585 1258 2647 Iahnio
1278 2606 1330 2648 no·

238 2694 300 2744 tum
325 2693 396 2764 erat,
422 2684 523 2744 eadem
548 2685 642 2744 forma
666 2692 800 2745 servatur
825 2687 912 2745 etiam
936 2687 966 2745 in
986 2685 1021 2766 Α,
1045 2704 1104 2745 non
1128 2693 1209 2745 recte
1229 2694 1330 2763 spreta

237 2803 270 2843 ea
294 2782 330 2842 ab
355 2781 519 2843 editoribus
543 2782 696 2864 omuibus3
724 2784 760 2843 cI.
781 2801 856 2863 quae
880 2782 967 2843 docet
990 2781 1156 2844 buecheler
1179 2801 1254 2842 mus.
1274 2782 1329 2843 Rb.

238 2880 343 2940 XXVII
366 2876 431 2941 415
462 2875 589 2954 ‘factam
622 2889 666 2941 est
697 2884 875 2955 aliquotiens
904 2888 938 2941 at
962 2899 1149 2958 praecorum
1178 2884 1331 2941 nominum

235 2978 353 3053 formas
377 2996 396 3037 a
423 2979 550 3039 Graecis
574 2983 647 3056 e'psr‘s
671 2981 846 3053 antiquatas
875 2982 956 3052 qnod
977 2997 1033 3039 saa
1056 2983 1106 3040 orr‘
1135 2982 1332 3040 canaenr'rent

237 3082 398 3136 servarent
439 3077 572 3135 Romani
612 3080 693 3137 aetat
728 3076 859 3135 Atlans
896 3076 1096 3136 Athamana
1133 3078 1332 3151 Acraaans

238 3176 444 3235 namr‘natr'aos.
491 3190 551 3246 aaa
585 3175 705 3233 ratione
733 3166 900 3246 formasses
929 3172 1103 3248 formonsus
1138 3177 1232 3235 latine
1262 3177 1332 3235 e'tem

238 3279 348 3351 νῆσσος
371 3278 462 3348 νῆσος
479 3287 595 3344 praece
615 3286 785 3346 provenere
799 3317 805 3330 .
821 3317 827 3329 .
843 3317 871 3332 ..
896 3272 1143 3333 Chersonensr'
1165 3275 1277 3348 lepitar
1300 3276 1333 3332 e'n

239 3373 333 3431 nobiti
352 3371 456 3429 Plauti
469 3369 589 3429 Sitaanr'
605 3374 794 3429 monumenta
813 3361 869 3449 (vs.
886 3362 965 3451 150)
985 3372 1066 3430 ande
1085 3377 1215 3447 apparet
1233 3371 1332 3431 Pelo·

154 3545 157 3549 Ι
236 3469 619 3544 panensnmsa'ma'ta'aqae
628 3468 764 3541 qaottens
775 3467 1008 3528 a‘ntatr'm'str'brr's
1017 3470 1215 3544 reperiantur
1225 3470 1334 3529 totiens

240 3584 304 3626 esse
319 3559 529 3626 restituenda?
554 3565 693 3642 quocirca
708 3571 741 3623 ut
755 3562 794 3623 XI
809 3561 852 3624 24
868 3565 994 3626 Athlans
1009 3583 1076 3624 oum
1093 3564 1253 3625 Pithoeano
1269 3583 1331 3625 ser-

242 3681 306 3721 vem
336 3663 420 3722 iacile
449 3662 592 3742 adducor,
616 3658 737 3721 111462
766 3661 844 3740 quod
875 3662 912 3721 de
940 3664 1111 3723 coniectura
1139 3663 1211 3729 Iahn
1240 3662 1334 3724 edidit

238 3758 412 3835 formonsus
446 3760 580 3820 eiusdem
608 3759 676 3820 libri
704 3766 806 3837 aperto
835 3777 983 3820 consensu
1011 3759 1168 3839 probatum
1198 3762 1333 3841 recipere

242 3874 302 3916 non
333 3855 449 3936 dubit03
483 3856 610 3937 denique
639 3856 676 3916 VI
695 3854 738 3918 34
748 3876 791 3935 sq.
816 3860 932 3935 panaro
964 3856 1060 3919 adhuc
1091 3858 1154 3919 solo
1187 3858 1334 3921 lemmatis

243 3956 412 4017 testimonio
432 3954 589 4032 probatum
609 3957 697 4015 etiam
716 3958 746 4015 in
761 3954 896 4014 versibus
911 3954 967 4015 bis
981 3955 1038 4035 legi
1053 3958 1187 4017 attestari
1202 3974 1333 4035 possum.

128 4124 165 4158 ¹„
209 4125 231 4157 a,
382 4073 426 4145 lai
447 4079 477 4130 et
500 4075 609 4131 voltam
632 4073 810 4132 vetustiores
834 4071 943 4132 formas
966 4073 1097 4132 restituit
1121 4071 1191 4131 Iabn
1209 4071 1258 4130 VII
1281 4068 1335 4151 85,

124 4169 166 4203 '¹¹⁰⁴
180 4185 196 4193 ·
245 4168 296 4228 XV
314 4165 370 4249 293
390 4167 535 4228 accedunt
552 4168 610 4228 loci
628 4167 692 4228 cod.
707 4167 862 4229 Pithoeani
880 4172 1055 4230 auctoritate
1075 4170 1190 4248 probati
1205 4170 1267 4229 VIII
1283 4169 1336 4250 46,

243 4263 629 4348 Χ1124,110111111111191,
653 4269 747 4344 rotae,
771 4270 850 4327 aattn
875 4277 955 4328 recte
980 4268 1068 4347 legas.
1105 4269 1336 4330 10111111Ρ11111111

244 4363 321 4443 quod
351 4365 373 4425 P
403 4364 525 4446 praebet
553 4363 620 4426 XIII
645 4360 688 4425 50
719 4380 778 4423 non
807 4365 870 4424 sine
903 4363 1026 4424 consilio
1061 4365 1186 4442 quodam
1216 4373 1335 4446 poetam
