<?xml version="1.0" encoding="UTF-8"?>
<!DOCTYPE html PUBLIC "-//W3C//DTD XHTML 1.0 Transitional//EN"
    "http://www.w3.org/TR/xhtml1/DTD/xhtml1-transitional.dtd">
<html xmlns="http://www.w3.org/1999/xhtml" xml:lang="en" lang="en">
 <head>
  <title>
</title>
<meta http-equiv="Content-Type" content="text/html;charset=utf-8" />
  <meta name='ocr-system' content='tesseract 3.04.00' />
  <meta name='ocr-capabilities' content='ocr_page ocr_carea ocr_par ocr_line ocrx_word'/>
</head>
<body>
  <div class='ocr_page' id='page_1' title='image "./spicilegiumjuve00beergoog_0058.png"; bbox 0 0 3038 4934; ppageno 0'>
   <div class='ocr_carea' id='block_1_1' title="bbox 693 973 756 1046">
    <p class='ocr_par' dir='ltr' id='par_1_1' title="bbox 693 973 756 1046">
     <span class='ocr_line' id='line_1_1' title="bbox 693 973 756 1046; baseline 0.048 -3"><span class='ocrx_word' id='word_1_1' title='bbox 693 973 756 1046; x_wconf 90' lang='lat' dir='ltr'><strong>III.</strong></span> 
     </span>
    </p>
   </div>
   <div class='ocr_carea' id='block_1_2' title="bbox 716 1145 1187 1261">
    <p class='ocr_par' dir='ltr' id='par_1_2' title="bbox 716 1145 1187 1261">
     <span class='ocr_line' id='line_1_2' title="bbox 716 1145 1187 1198; baseline 0.004 -12"><span class='ocrx_word' id='word_1_2' title='bbox 716 1145 803 1187; x_wconf 80' lang='lat' dir='ltr'>Facilis</span> <span class='ocrx_word' id='word_1_3' title='bbox 817 1146 932 1198; x_wconf 79' lang='lat' dir='ltr'>inventio,</span> <span class='ocrx_word' id='word_1_4' title='bbox 945 1158 992 1188; x_wconf 87' lang='lat' dir='ltr'>non</span> <span class='ocrx_word' id='word_1_5' title='bbox 1006 1146 1084 1187; x_wconf 76' lang='lat' dir='ltr'>facilis</span> <span class='ocrx_word' id='word_1_6' title='bbox 1098 1145 1187 1188; x_wconf 78' lang='lat' dir='ltr'>electio.</span> 
     </span>
     <span class='ocr_line' id='line_1_3' title="bbox 976 1209 1185 1261; baseline -0.005 -12"><span class='ocrx_word' id='word_1_7' title='bbox 976 1209 1035 1250; x_wconf 82' lang='lat' dir='ltr'>Prin.</span> <span class='ocrx_word' id='word_1_8' title='bbox 1048 1222 1083 1258; x_wconf 86' lang='lat' dir='ltr'>ep.</span> <span class='ocrx_word' id='word_1_9' title='bbox 1097 1210 1138 1261; x_wconf 87' lang='lat' dir='ltr'>VI,</span> <span class='ocrx_word' id='word_1_10' title='bbox 1151 1210 1185 1249; x_wconf 78' lang='grc'>27.</span> 
     </span>
    </p>
   </div>
   <div class='ocr_carea' id='block_1_3' title="bbox 99 1319 1427 3847">
    <p class='ocr_par' dir='ltr' id='par_1_3' title="bbox 269 1319 1427 1419">
     <span class='ocr_line' id='line_1_4' title="bbox 269 1319 1427 1419; baseline 0 -40"><span class='ocrx_word' id='word_1_11' title='bbox 269 1320 401 1380; x_wconf 86' lang='lat' dir='ltr'>llisserui</span> <span class='ocrx_word' id='word_1_12' title='bbox 434 1320 470 1379; x_wconf 92' lang='lat' dir='ltr'>de</span> <span class='ocrx_word' id='word_1_13' title='bbox 498 1327 620 1379; x_wconf 89' lang='lat' dir='ltr'>externa</span> <span class='ocrx_word' id='word_1_14' title='bbox 648 1320 783 1381; x_wconf 92' lang='lat' dir='ltr'>codicum</span> <span class='ocrx_word' id='word_1_15' title='bbox 810 1321 1065 1382; x_wconf 88' lang='lat' dir='ltr'>luvenalianorum</span> <span class='ocrx_word' id='word_1_16' title='bbox 1093 1319 1267 1381; x_wconf 90' lang='lat' dir='ltr'>condicione</span> <span class='ocrx_word' id='word_1_17' title='bbox 1276 1323 1427 1419; x_wconf 51' lang='lat' dir='ltr'>{gfflffl</span> 
     </span>
    </p>

    <p class='ocr_par' dir='ltr' id='par_1_4' title="bbox 168 1416 1392 3453">
     <span class='ocr_line' id='line_1_5' title="bbox 179 1416 1392 1497; baseline -0.003 -21"><span class='ocrx_word' id='word_1_18' title='bbox 179 1435 283 1477; x_wconf 91' lang='lat' dir='ltr'>eorum</span> <span class='ocrx_word' id='word_1_19' title='bbox 293 1416 391 1477; x_wconf 89' lang='lat' dir='ltr'>indole</span> <span class='ocrx_word' id='word_1_20' title='bbox 402 1418 572 1494; x_wconf 81' lang='lat' dir='ltr'>mutuisque</span> <span class='ocrx_word' id='word_1_21' title='bbox 588 1416 765 1479; x_wconf 85' lang='lat' dir='ltr'>rationibus:</span> <span class='ocrx_word' id='word_1_22' title='bbox 780 1420 1028 1497; x_wconf 91' lang='lat' dir='ltr'>progrediendum</span> <span class='ocrx_word' id='word_1_23' title='bbox 1044 1418 1138 1479; x_wconf 89' lang='lat' dir='ltr'>estad</span> <span class='ocrx_word' id='word_1_24' title='bbox 1153 1426 1267 1478; x_wconf 87' lang='lat' dir='ltr'>textum</span> <span class='ocrx_word' id='word_1_25' title='bbox 1317 1431 1392 1472; x_wconf 69' lang='lat' dir='ltr'>senon·</span> 
     </span>
     <span class='ocr_line' id='line_1_6' title="bbox 177 1514 1266 1596; baseline -0.003 -19"><span class='ocrx_word' id='word_1_26' title='bbox 177 1519 274 1596; x_wconf 91' lang='lat' dir='ltr'>ipsum</span> <span class='ocrx_word' id='word_1_27' title='bbox 304 1525 336 1575; x_wconf 90' lang='lat' dir='ltr'>ut</span> <span class='ocrx_word' id='word_1_28' title='bbox 363 1534 438 1593; x_wconf 86' lang='lat' dir='ltr'>quae</span> <span class='ocrx_word' id='word_1_29' title='bbox 467 1515 502 1575; x_wconf 90' lang='lat' dir='ltr'>ad</span> <span class='ocrx_word' id='word_1_30' title='bbox 526 1515 762 1575; x_wconf 80' lang='lat' dir='ltr'><strong>emendationem</strong></span> <span class='ocrx_word' id='word_1_31' title='bbox 791 1533 826 1574; x_wconf 85' lang='lat' dir='ltr'>ex</span> <span class='ocrx_word' id='word_1_32' title='bbox 855 1524 899 1575; x_wconf 90' lang='lat' dir='ltr'>tot</span> <span class='ocrx_word' id='word_1_33' title='bbox 928 1514 1134 1576; x_wconf 84' lang='lat' dir='ltr'>collationibus</span> <span class='ocrx_word' id='word_1_34' title='bbox 1157 1515 1266 1576; x_wconf 90' lang='lat' dir='ltr'>redun-</span> 
     </span>
     <span class='ocr_line' id='line_1_7' title="bbox 176 1613 1266 1693; baseline -0.005 -16"><span class='ocrx_word' id='word_1_35' title='bbox 176 1615 247 1677; x_wconf 89' lang='lat' dir='ltr'>dent</span> <span class='ocrx_word' id='word_1_36' title='bbox 270 1615 429 1675; x_wconf 91' lang='lat' dir='ltr'>videamus.</span> <span class='ocrx_word' id='word_1_37' title='bbox 472 1621 561 1692; x_wconf 88' lang='lat' dir='ltr'>alque</span> <span class='ocrx_word' id='word_1_38' title='bbox 590 1633 625 1672; x_wconf 82' lang='lat' dir='ltr'>ex</span> <span class='ocrx_word' id='word_1_39' title='bbox 654 1615 767 1692; x_wconf 80' lang='lat' dir='ltr'>ingenti</span> <span class='ocrx_word' id='word_1_40' title='bbox 791 1632 915 1674; x_wconf 91' lang='lat' dir='ltr'>numero</span> <span class='ocrx_word' id='word_1_41' title='bbox 939 1613 1102 1673; x_wconf 87' lang='lat' dir='ltr'>lectionum</span> <span class='ocrx_word' id='word_1_42' title='bbox 1131 1632 1207 1693; x_wconf 90' lang='lat' dir='ltr'>quae</span> <span class='ocrx_word' id='word_1_43' title='bbox 1235 1615 1266 1672; x_wconf 93' lang='lat' dir='ltr'>in</span> 
     </span>
     <span class='ocr_line' id='line_1_8' title="bbox 175 1710 1357 1791; baseline 0.003 -18"><span class='ocrx_word' id='word_1_44' title='bbox 175 1713 269 1773; x_wconf 90' lang='lat' dir='ltr'>lahnii</span> <span class='ocrx_word' id='word_1_45' title='bbox 302 1718 443 1791; x_wconf 84' lang='lat' dir='ltr'>apparatu</span> <span class='ocrx_word' id='word_1_46' title='bbox 475 1728 535 1770; x_wconf 94' lang='lat' dir='ltr'>non</span> <span class='ocrx_word' id='word_1_47' title='bbox 568 1721 649 1770; x_wconf 85' lang='lat' dir='ltr'>recte</span> <span class='ocrx_word' id='word_1_48' title='bbox 683 1710 828 1772; x_wconf 81' lang='lat' dir='ltr'>exhibitae</span> <span class='ocrx_word' id='word_1_49' title='bbox 862 1720 932 1771; x_wconf 91' lang='lat' dir='ltr'>sunt</span> <span class='ocrx_word' id='word_1_50' title='bbox 960 1730 1011 1770; x_wconf 91' lang='lat' dir='ltr'>cos</span> <span class='ocrx_word' id='word_1_51' title='bbox 1040 1711 1121 1771; x_wconf 90' lang='lat' dir='ltr'>locos</span> <span class='ocrx_word' id='word_1_52' title='bbox 1151 1720 1265 1771; x_wconf 89' lang='lat' dir='ltr'>tantum</span> <span class='ocrx_word' id='word_1_53' title='bbox 1354 1758 1357 1776; x_wconf 72' lang='grc'>,</span> 
     </span>
     <span class='ocr_line' id='line_1_9' title="bbox 175 1807 1265 1890; baseline -0.002 -20"><span class='ocrx_word' id='word_1_54' title='bbox 175 1811 284 1890; x_wconf 82' lang='lat' dir='ltr'>eligere</span> <span class='ocrx_word' id='word_1_55' title='bbox 308 1811 404 1869; x_wconf 91' lang='lat' dir='ltr'>visum</span> <span class='ocrx_word' id='word_1_56' title='bbox 428 1817 485 1882; x_wconf 89' lang='lat' dir='ltr'>est,</span> <span class='ocrx_word' id='word_1_57' title='bbox 514 1807 622 1886; x_wconf 89' lang='lat' dir='ltr'>quibus</span> <span class='ocrx_word' id='word_1_58' title='bbox 646 1826 721 1887; x_wconf 88' lang='lat' dir='ltr'>quae</span> <span class='ocrx_word' id='word_1_59' title='bbox 745 1808 781 1869; x_wconf 91' lang='lat' dir='ltr'>de</span> <span class='ocrx_word' id='word_1_60' title='bbox 805 1809 925 1887; x_wconf 91' lang='lat' dir='ltr'>optimis</span> <span class='ocrx_word' id='word_1_61' title='bbox 948 1809 1074 1869; x_wconf 88' lang='lat' dir='ltr'>testibus</span> <span class='ocrx_word' id='word_1_62' title='bbox 1094 1810 1265 1869; x_wconf 85' lang='lat' dir='ltr'>referuntur</span> 
     </span>
     <span class='ocr_line' id='line_1_10' title="bbox 175 1905 1264 1986; baseline -0.002 -18"><span class='ocrx_word' id='word_1_63' title='bbox 175 1906 328 1968; x_wconf 77' lang='lat' dir='ltr'>erroribus</span> <span class='ocrx_word' id='word_1_64' title='bbox 348 1909 484 1967; x_wconf 89' lang='lat' dir='ltr'>intricata</span> <span class='ocrx_word' id='word_1_65' title='bbox 504 1915 583 1986; x_wconf 85' lang='lat' dir='ltr'>sunt,</span> <span class='ocrx_word' id='word_1_66' title='bbox 603 1908 778 1984; x_wconf 89' lang='lat' dir='ltr'>praesertim</span> <span class='ocrx_word' id='word_1_67' title='bbox 797 1906 848 1966; x_wconf 93' lang='lat' dir='ltr'>uhi</span> <span class='ocrx_word' id='word_1_68' title='bbox 862 1905 1006 1966; x_wconf 89' lang='lat' dir='ltr'>lectiones</span> <span class='ocrx_word' id='word_1_69' title='bbox 1023 1907 1133 1967; x_wconf 89' lang='lat' dir='ltr'>codicis</span> <span class='ocrx_word' id='word_1_70' title='bbox 1148 1906 1264 1966; x_wconf 88' lang='lat' dir='ltr'>Pithoe-</span> 
     </span>
     <span class='ocr_line' id='line_1_11' title="bbox 174 2003 1264 2084; baseline -0.002 -18"><span class='ocrx_word' id='word_1_71' title='bbox 174 2007 223 2066; x_wconf 92' lang='lat' dir='ltr'>ani</span> <span class='ocrx_word' id='word_1_72' title='bbox 244 2005 320 2066; x_wconf 91' lang='lat' dir='ltr'>male</span> <span class='ocrx_word' id='word_1_73' title='bbox 345 2006 509 2084; x_wconf 86' lang='lat' dir='ltr'>exscriptas</span> <span class='ocrx_word' id='word_1_74' title='bbox 531 2005 640 2084; x_wconf 85' lang='lat' dir='ltr'>inveni,</span> <span class='ocrx_word' id='word_1_75' title='bbox 664 2003 700 2063; x_wconf 94' lang='lat' dir='ltr'>de</span> <span class='ocrx_word' id='word_1_76' title='bbox 725 2022 783 2082; x_wconf 85' lang='lat' dir='ltr'>quo</span> <span class='ocrx_word' id='word_1_77' title='bbox 803 2014 937 2082; x_wconf 81' lang='lat' dir='ltr'>utquam</span> <span class='ocrx_word' id='word_1_78' title='bbox 952 2003 1122 2084; x_wconf 87' lang='lat' dir='ltr'>plenissime</span> <span class='ocrx_word' id='word_1_79' title='bbox 1137 2014 1264 2066; x_wconf 83' lang='lat' dir='ltr'>testarer</span> 
     </span>
     <span class='ocr_line' id='line_1_12' title="bbox 173 2103 1263 2184; baseline -0.003 -19"><span class='ocrx_word' id='word_1_80' title='bbox 173 2106 362 2184; x_wconf 88' lang='lat' dir='ltr'>praecipuam</span> <span class='ocrx_word' id='word_1_81' title='bbox 396 2120 490 2163; x_wconf 90' lang='lat' dir='ltr'>meam</span> <span class='ocrx_word' id='word_1_82' title='bbox 514 2119 617 2161; x_wconf 91' lang='lat' dir='ltr'>curam</span> <span class='ocrx_word' id='word_1_83' title='bbox 641 2110 785 2162; x_wconf 90' lang='lat' dir='ltr'>versatam</span> <span class='ocrx_word' id='word_1_84' title='bbox 809 2120 875 2162; x_wconf 90' lang='lat' dir='ltr'>esse</span> <span class='ocrx_word' id='word_1_85' title='bbox 899 2121 988 2180; x_wconf 89' lang='lat' dir='ltr'>supra</span> <span class='ocrx_word' id='word_1_86' title='bbox 1011 2103 1165 2181; x_wconf 85' lang='lat' dir='ltr'>professus</span> <span class='ocrx_word' id='word_1_87' title='bbox 1189 2120 1263 2162; x_wconf 88' lang='lat' dir='ltr'>sum.</span> 
     </span>
     <span class='ocr_line' id='line_1_13' title="bbox 173 2199 1264 2278; baseline -0.004 -16"><span class='ocrx_word' id='word_1_88' title='bbox 173 2203 224 2262; x_wconf 90' lang='lat' dir='ltr'>sed</span> <span class='ocrx_word' id='word_1_89' title='bbox 253 2204 283 2262; x_wconf 94' lang='lat' dir='ltr'>in</span> <span class='ocrx_word' id='word_1_90' title='bbox 306 2201 353 2261; x_wconf 92' lang='lat' dir='ltr'>his</span> <span class='ocrx_word' id='word_1_91' title='bbox 376 2200 448 2260; x_wconf 89' lang='lat' dir='ltr'>locis</span> <span class='ocrx_word' id='word_1_92' title='bbox 478 2199 650 2260; x_wconf 82' lang='lat' dir='ltr'>enarrandis</span> <span class='ocrx_word' id='word_1_93' title='bbox 674 2218 851 2278; x_wconf 90' lang='lat' dir='ltr'>quamquam</span> <span class='ocrx_word' id='word_1_94' title='bbox 875 2200 960 2261; x_wconf 90' lang='lat' dir='ltr'>honis</span> <span class='ocrx_word' id='word_1_95' title='bbox 988 2200 1113 2260; x_wconf 90' lang='lat' dir='ltr'>aliorum</span> <span class='ocrx_word' id='word_1_96' title='bbox 1136 2201 1264 2259; x_wconf 88' lang='lat' dir='ltr'>inventis</span> 
     </span>
     <span class='ocr_line' id='line_1_14' title="bbox 172 2297 1263 2378; baseline 0 -20"><span class='ocrx_word' id='word_1_97' title='bbox 172 2298 299 2360; x_wconf 91' lang='lat' dir='ltr'>libenter</span> <span class='ocrx_word' id='word_1_98' title='bbox 332 2300 429 2378; x_wconf 83' lang='lat' dir='ltr'>fruor,</span> <span class='ocrx_word' id='word_1_99' title='bbox 466 2301 491 2358; x_wconf 88' lang='lat' dir='ltr'>si</span> <span class='ocrx_word' id='word_1_100' title='bbox 529 2301 716 2359; x_wconf 88' lang='lat' dir='ltr'>coniecturas</span> <span class='ocrx_word' id='word_1_101' title='bbox 754 2316 769 2357; x_wconf 93' lang='lat' dir='ltr'>a</span> <span class='ocrx_word' id='word_1_102' title='bbox 802 2300 874 2358; x_wconf 89' lang='lat' dir='ltr'>viris</span> <span class='ocrx_word' id='word_1_103' title='bbox 910 2299 1004 2359; x_wconf 88' lang='lat' dir='ltr'>doctis</span> <span class='ocrx_word' id='word_1_104' title='bbox 1042 2297 1171 2378; x_wconf 90' lang='lat' dir='ltr'>prolatas</span> <span class='ocrx_word' id='word_1_105' title='bbox 1204 2317 1263 2358; x_wconf 92' lang='lat' dir='ltr'>non</span> 
     </span>
     <span class='ocr_line' id='line_1_15' title="bbox 173 2390 1262 2480; baseline 0.001 -25"><span class='ocrx_word' id='word_1_106' title='bbox 173 2415 277 2456; x_wconf 90' lang='lat' dir='ltr'>omnes</span> <span class='ocrx_word' id='word_1_107' title='bbox 308 2399 391 2474; x_wconf 86' lang='lat' dir='ltr'>attigi</span> <span class='ocrx_word' id='word_1_108' title='bbox 422 2405 473 2456; x_wconf 91' lang='lat' dir='ltr'>aut</span> <span class='ocrx_word' id='word_1_109' title='bbox 502 2397 672 2475; x_wconf 83' lang='lat' dir='ltr'>singillatim</span> <span class='ocrx_word' id='word_1_110' title='bbox 704 2400 826 2457; x_wconf 88' lang='lat' dir='ltr'>tractavi</span> <span class='ocrx_word' id='word_1_111' title='bbox 836 2390 863 2480; x_wconf 85' lang='grc'>1)</span> <span class='ocrx_word' id='word_1_112' title='bbox 895 2397 954 2457; x_wconf 91' lang='lat' dir='ltr'>noli</span> <span class='ocrx_word' id='word_1_113' title='bbox 985 2397 1174 2476; x_wconf 89' lang='lat' dir='ltr'>adrogantiae</span> <span class='ocrx_word' id='word_1_114' title='bbox 1199 2415 1262 2456; x_wconf 91' lang='lat' dir='ltr'>ver-</span> 
     </span>
     <span class='ocr_line' id='line_1_16' title="bbox 172 2493 1262 2570; baseline 0 -17"><span class='ocrx_word' id='word_1_115' title='bbox 172 2501 236 2553; x_wconf 88' lang='lat' dir='ltr'>tere</span> <span class='ocrx_word' id='word_1_116' title='bbox 278 2493 355 2570; x_wconf 89' lang='lat' dir='ltr'>quod</span> <span class='ocrx_word' id='word_1_117' title='bbox 399 2495 556 2553; x_wconf 90' lang='lat' dir='ltr'>memoriae</span> <span class='ocrx_word' id='word_1_118' title='bbox 593 2496 762 2554; x_wconf 84' lang='lat' dir='ltr'>auctoritati</span> <span class='ocrx_word' id='word_1_119' title='bbox 799 2513 845 2554; x_wconf 91' lang='lat' dir='ltr'>me</span> <span class='ocrx_word' id='word_1_120' title='bbox 883 2494 992 2555; x_wconf 89' lang='lat' dir='ltr'>dehere</span> <span class='ocrx_word' id='word_1_121' title='bbox 1029 2495 1101 2554; x_wconf 83' lang='lat' dir='ltr'>duxi</span> <span class='ocrx_word' id='word_1_122' title='bbox 1136 2494 1262 2554; x_wconf 88' lang='lat' dir='ltr'>lectione</span> 
     </span>
     <span class='ocr_line' id='line_1_17' title="bbox 172 2588 1261 2668; baseline 0.004 -20"><span class='ocrx_word' id='word_1_123' title='bbox 172 2607 241 2649; x_wconf 90' lang='lat' dir='ltr'>vera</span> <span class='ocrx_word' id='word_1_124' title='bbox 284 2588 396 2668; x_wconf 88' lang='lat' dir='ltr'>prolata</span> <span class='ocrx_word' id='word_1_125' title='bbox 429 2588 572 2668; x_wconf 85' lang='lat' dir='ltr'>explicata</span> <span class='ocrx_word' id='word_1_126' title='bbox 610 2590 708 2649; x_wconf 81' lang='lat' dir='ltr'>officio</span> <span class='ocrx_word' id='word_1_127' title='bbox 746 2609 793 2650; x_wconf 91' lang='lat' dir='ltr'>me</span> <span class='ocrx_word' id='word_1_128' title='bbox 831 2592 983 2652; x_wconf 83' lang='lat' dir='ltr'>suffecisse</span> <span class='ocrx_word' id='word_1_129' title='bbox 1023 2600 1116 2655; x_wconf 80' lang='lat' dir='ltr'>ratus,</span> <span class='ocrx_word' id='word_1_130' title='bbox 1166 2591 1261 2652; x_wconf 89' lang='lat' dir='ltr'>delec-</span> 
     </span>
     <span class='ocr_line' id='line_1_18' title="bbox 173 2681 1261 2771; baseline 0.001 -23"><span class='ocrx_word' id='word_1_131' title='bbox 173 2697 236 2748; x_wconf 89' lang='lat' dir='ltr'>tum</span> <span class='ocrx_word' id='word_1_132' title='bbox 269 2706 339 2747; x_wconf 90' lang='lat' dir='ltr'>vero</span> <span class='ocrx_word' id='word_1_133' title='bbox 370 2687 530 2748; x_wconf 89' lang='lat' dir='ltr'>lectionum</span> <span class='ocrx_word' id='word_1_134' title='bbox 562 2681 791 2771; x_wconf 67' lang='lat' dir='ltr'>probabilinm2)</span> <span class='ocrx_word' id='word_1_135' title='bbox 822 2690 862 2749; x_wconf 92' lang='lat' dir='ltr'>ita</span> <span class='ocrx_word' id='word_1_136' title='bbox 885 2691 999 2751; x_wconf 85' lang='lat' dir='ltr'>institui</span> <span class='ocrx_word' id='word_1_137' title='bbox 1020 2700 1053 2751; x_wconf 92' lang='lat' dir='ltr'>nt</span> <span class='ocrx_word' id='word_1_138' title='bbox 1072 2691 1201 2769; x_wconf 90' lang='lat' dir='ltr'>primum</span> <span class='ocrx_word' id='word_1_139' title='bbox 1224 2689 1261 2749; x_wconf 92' lang='lat' dir='ltr'>de</span> 
     </span>
     <span class='ocr_line' id='line_1_19' title="bbox 172 2785 1260 2874; baseline -0.001 -27"><span class='ocrx_word' id='word_1_140' title='bbox 172 2785 396 2874; x_wconf 85' lang='lat' dir='ltr'>quaestionibus</span> <span class='ocrx_word' id='word_1_141' title='bbox 424 2786 661 2865; x_wconf 83' lang='lat' dir='ltr'>orthographicis</span> <span class='ocrx_word' id='word_1_142' title='bbox 693 2786 799 2847; x_wconf 90' lang='lat' dir='ltr'>deinde</span> <span class='ocrx_word' id='word_1_143' title='bbox 832 2787 868 2848; x_wconf 89' lang='lat' dir='ltr'>de</span> <span class='ocrx_word' id='word_1_144' title='bbox 896 2788 1073 2848; x_wconf 88' lang='lat' dir='ltr'>lectionibus</span> <span class='ocrx_word' id='word_1_145' title='bbox 1100 2786 1197 2847; x_wconf 88' lang='lat' dir='ltr'>adhuc</span> <span class='ocrx_word' id='word_1_146' title='bbox 1225 2805 1260 2847; x_wconf 83' lang='lat' dir='ltr'>er</span> 
     </span>
     <span class='ocr_line' id='line_1_20' title="bbox 171 2884 1261 2967; baseline 0 -23"><span class='ocrx_word' id='word_1_147' title='bbox 171 2886 290 2964; x_wconf 85' lang='lat' dir='ltr'>optimis</span> <span class='ocrx_word' id='word_1_148' title='bbox 328 2884 413 2944; x_wconf 90' lang='lat' dir='ltr'>libris</span> <span class='ocrx_word' id='word_1_149' title='bbox 448 2885 579 2945; x_wconf 91' lang='lat' dir='ltr'>nondum</span> <span class='ocrx_word' id='word_1_150' title='bbox 617 2887 710 2946; x_wconf 86' lang='lat' dir='ltr'>erutis</span> <span class='ocrx_word' id='word_1_151' title='bbox 748 2885 894 2964; x_wconf 89' lang='lat' dir='ltr'>agendum</span> <span class='ocrx_word' id='word_1_152' title='bbox 932 2886 1003 2945; x_wconf 93' lang='lat' dir='ltr'>mihi</span> <span class='ocrx_word' id='word_1_153' title='bbox 1039 2886 1261 2967; x_wconf 77' lang='lat' dir='ltr'>proposuerim3</span> 
     </span>
     <span class='ocr_line' id='line_1_21' title="bbox 170 2982 1261 3063; baseline 0 -21"><span class='ocrx_word' id='word_1_154' title='bbox 170 2983 199 3042; x_wconf 92' lang='lat' dir='ltr'>in</span> <span class='ocrx_word' id='word_1_155' title='bbox 224 3001 282 3061; x_wconf 90' lang='lat' dir='ltr'>qua</span> <span class='ocrx_word' id='word_1_156' title='bbox 305 2993 389 3060; x_wconf 88' lang='lat' dir='ltr'>parte</span> <span class='ocrx_word' id='word_1_157' title='bbox 413 3002 510 3063; x_wconf 91' lang='lat' dir='ltr'>neque</span> <span class='ocrx_word' id='word_1_158' title='bbox 535 2985 620 3043; x_wconf 81' lang='lat' dir='ltr'>anxie</span> <span class='ocrx_word' id='word_1_159' title='bbox 640 3002 692 3044; x_wconf 91' lang='lat' dir='ltr'>eos</span> <span class='ocrx_word' id='word_1_160' title='bbox 711 2992 824 3044; x_wconf 89' lang='lat' dir='ltr'>tantum</span> <span class='ocrx_word' id='word_1_161' title='bbox 845 2982 926 3042; x_wconf 89' lang='lat' dir='ltr'>locos</span> <span class='ocrx_word' id='word_1_162' title='bbox 945 2985 1063 3063; x_wconf 85' lang='lat' dir='ltr'>respexi</span> <span class='ocrx_word' id='word_1_163' title='bbox 1082 3002 1156 3063; x_wconf 91' lang='lat' dir='ltr'>quos</span> <span class='ocrx_word' id='word_1_164' title='bbox 1175 2982 1261 3043; x_wconf 89' lang='lat' dir='ltr'>aliter</span> 
     </span>
     <span class='ocr_line' id='line_1_22' title="bbox 168 3079 1259 3160; baseline 0 -20"><span class='ocrx_word' id='word_1_165' title='bbox 168 3079 370 3141; x_wconf 81' lang='lat' dir='ltr'>restituendos</span> <span class='ocrx_word' id='word_1_166' title='bbox 398 3099 452 3160; x_wconf 91' lang='lat' dir='ltr'>pro</span> <span class='ocrx_word' id='word_1_167' title='bbox 482 3088 564 3141; x_wconf 89' lang='lat' dir='ltr'>certo</span> <span class='ocrx_word' id='word_1_168' title='bbox 587 3083 689 3160; x_wconf 88' lang='lat' dir='ltr'>putavi</span> <span class='ocrx_word' id='word_1_169' title='bbox 711 3099 809 3160; x_wconf 88' lang='lat' dir='ltr'>neque</span> <span class='ocrx_word' id='word_1_170' title='bbox 833 3082 921 3141; x_wconf 89' lang='lat' dir='ltr'>etiam</span> <span class='ocrx_word' id='word_1_171' title='bbox 946 3099 1044 3142; x_wconf 91' lang='lat' dir='ltr'>meros</span> <span class='ocrx_word' id='word_1_172' title='bbox 1069 3099 1187 3141; x_wconf 89' lang='lat' dir='ltr'>errores</span> <span class='ocrx_word' id='word_1_173' title='bbox 1211 3080 1259 3140; x_wconf 90' lang='lat' dir='ltr'>ad·</span> 
     </span>
     <span class='ocr_line' id='line_1_23' title="bbox 168 3178 1260 3258; baseline 0.001 -22"><span class='ocrx_word' id='word_1_174' title='bbox 168 3178 227 3238; x_wconf 92' lang='lat' dir='ltr'>huc</span> <span class='ocrx_word' id='word_1_175' title='bbox 252 3196 310 3237; x_wconf 93' lang='lat' dir='ltr'>non</span> <span class='ocrx_word' id='word_1_176' title='bbox 334 3181 499 3258; x_wconf 83' lang='lat' dir='ltr'>exscriptos</span> <span class='ocrx_word' id='word_1_177' title='bbox 524 3198 700 3240; x_wconf 89' lang='lat' dir='ltr'>enumerare</span> <span class='ocrx_word' id='word_1_178' title='bbox 724 3198 740 3238; x_wconf 94' lang='lat' dir='ltr'>e</span> <span class='ocrx_word' id='word_1_179' title='bbox 765 3197 797 3238; x_wconf 91' lang='lat' dir='ltr'>re</span> <span class='ocrx_word' id='word_1_180' title='bbox 822 3179 900 3240; x_wconf 82' lang='lat' dir='ltr'>duxi.</span> <span class='ocrx_word' id='word_1_181' title='bbox 947 3191 1050 3241; x_wconf 91' lang='lat' dir='ltr'>contra</span> <span class='ocrx_word' id='word_1_182' title='bbox 1076 3178 1126 3240; x_wconf 90' lang='lat' dir='ltr'>ubi</span> <span class='ocrx_word' id='word_1_183' title='bbox 1149 3179 1260 3238; x_wconf 89' lang='lat' dir='ltr'>codicis</span> 
     </span>
     <span class='ocr_line' id='line_1_24' title="bbox 168 3274 1259 3357; baseline 0 -22"><span class='ocrx_word' id='word_1_184' title='bbox 168 3275 324 3335; x_wconf 84' lang='lat' dir='ltr'>Pithoeani</span> <span class='ocrx_word' id='word_1_185' title='bbox 349 3274 523 3337; x_wconf 78' lang='lat' dir='ltr'>auctoritate</span> <span class='ocrx_word' id='word_1_186' title='bbox 544 3279 605 3337; x_wconf 94' lang='lat' dir='ltr'>sive</span> <span class='ocrx_word' id='word_1_187' title='bbox 629 3277 806 3338; x_wconf 87' lang='lat' dir='ltr'>lectionibus</span> <span class='ocrx_word' id='word_1_188' title='bbox 826 3274 976 3357; x_wconf 71' lang='lat' dir='ltr'>‘vulgatis&#39;</span> <span class='ocrx_word' id='word_1_189' title='bbox 996 3280 1057 3338; x_wconf 88' lang='lat' dir='ltr'>sive</span> <span class='ocrx_word' id='word_1_190' title='bbox 1077 3279 1259 3337; x_wconf 88' lang='lat' dir='ltr'>coniecturis</span> 
     </span>
     <span class='ocr_line' id='line_1_25' title="bbox 170 3371 1259 3453; baseline 0.002 -21"><span class='ocrx_word' id='word_1_191' title='bbox 170 3371 280 3450; x_wconf 90' lang='lat' dir='ltr'>aliquid</span> <span class='ocrx_word' id='word_1_192' title='bbox 311 3372 473 3432; x_wconf 84' lang='lat' dir='ltr'>adiumenti</span> <span class='ocrx_word' id='word_1_193' title='bbox 507 3392 678 3434; x_wconf 80' lang='lat' dir='ltr'>accrescere</span> <span class='ocrx_word' id='word_1_194' title='bbox 709 3375 768 3435; x_wconf 90' lang='lat' dir='ltr'>vidi</span> <span class='ocrx_word' id='word_1_195' title='bbox 797 3376 868 3453; x_wconf 87' lang='lat' dir='ltr'>quid</span> <span class='ocrx_word' id='word_1_196' title='bbox 896 3376 1037 3436; x_wconf 91' lang='lat' dir='ltr'>traditum</span> <span class='ocrx_word' id='word_1_197' title='bbox 1066 3378 1104 3435; x_wconf 89' lang='lat' dir='ltr'>sit</span> <span class='ocrx_word' id='word_1_198' title='bbox 1132 3373 1259 3452; x_wconf 91' lang='lat' dir='ltr'>amplius</span> 
     </span>
    </p>

    <p class='ocr_par' dir='ltr' id='par_1_5' title="bbox 99 3471 1259 3749">
     <span class='ocr_line' id='line_1_26' title="bbox 99 3471 1259 3552; baseline 0.002 -22"><span class='ocrx_word' id='word_1_199' title='bbox 99 3547 102 3552; x_wconf 21' lang='grc' dir='ltr'>Ι</span> <span class='ocrx_word' id='word_1_200' title='bbox 168 3471 260 3530; x_wconf 86' lang='lat' dir='ltr'>latere</span> <span class='ocrx_word' id='word_1_201' title='bbox 293 3488 353 3529; x_wconf 92' lang='lat' dir='ltr'>uon</span> <span class='ocrx_word' id='word_1_202' title='bbox 386 3487 491 3548; x_wconf 89' lang='lat' dir='ltr'>passus</span> <span class='ocrx_word' id='word_1_203' title='bbox 524 3489 590 3531; x_wconf 89' lang='lat' dir='ltr'>sum</span> <span class='ocrx_word' id='word_1_204' title='bbox 619 3471 751 3534; x_wconf 89' lang='lat' dir='ltr'>subiecta</span> <span class='ocrx_word' id='word_1_205' title='bbox 780 3473 891 3552; x_wconf 90' lang='lat' dir='ltr'>ubique</span> <span class='ocrx_word' id='word_1_206' title='bbox 921 3476 964 3534; x_wconf 89' lang='lat' dir='ltr'>uti</span> <span class='ocrx_word' id='word_1_207' title='bbox 994 3492 1047 3552; x_wconf 89' lang='lat' dir='ltr'>par</span> <span class='ocrx_word' id='word_1_208' title='bbox 1079 3479 1142 3532; x_wconf 89' lang='lat' dir='ltr'>erat</span> <span class='ocrx_word' id='word_1_209' title='bbox 1165 3471 1259 3532; x_wconf 88' lang='lat' dir='ltr'>lahnii</span> 
     </span>
     <span class='ocr_line' id='line_1_27' title="bbox 168 3567 1257 3647; baseline 0.003 -20"><span class='ocrx_word' id='word_1_210' title='bbox 168 3567 296 3628; x_wconf 89' lang='lat' dir='ltr'>editione</span> <span class='ocrx_word' id='word_1_211' title='bbox 334 3569 445 3627; x_wconf 90' lang='lat' dir='ltr'>maiore</span> <span class='ocrx_word' id='word_1_212' title='bbox 473 3587 509 3628; x_wconf 84' lang='lat' dir='ltr'>ex</span> <span class='ocrx_word' id='word_1_213' title='bbox 540 3587 597 3647; x_wconf 84' lang='lat' dir='ltr'>qua</span> <span class='ocrx_word' id='word_1_214' title='bbox 625 3569 686 3630; x_wconf 89' lang='lat' dir='ltr'>sola</span> <span class='ocrx_word' id='word_1_215' title='bbox 714 3570 750 3631; x_wconf 93' lang='lat' dir='ltr'>de</span> <span class='ocrx_word' id='word_1_216' title='bbox 779 3574 920 3632; x_wconf 90' lang='lat' dir='ltr'>memoria</span> <span class='ocrx_word' id='word_1_217' title='bbox 949 3572 1087 3632; x_wconf 89' lang='lat' dir='ltr'>universa</span> <span class='ocrx_word' id='word_1_218' title='bbox 1115 3570 1257 3631; x_wconf 90' lang='lat' dir='ltr'>iudicium</span> 
     </span>
     <span class='ocr_line' id='line_1_28' title="bbox 169 3674 668 3749; baseline 0 -23"><span class='ocrx_word' id='word_1_219' title='bbox 169 3684 275 3746; x_wconf 89' lang='lat' dir='ltr'>capere</span> <span class='ocrx_word' id='word_1_220' title='bbox 298 3674 393 3745; x_wconf 77' lang='lat' dir='ltr'>potes,</span> <span class='ocrx_word' id='word_1_221' title='bbox 667 3746 668 3749; x_wconf 7' lang='grc' dir='ltr'><strong>Ἴ</strong></span> 
     </span>
    </p>

    <p class='ocr_par' dir='ltr' id='par_1_6' title="bbox 255 3764 1417 3847">
     <span class='ocr_line' id='line_1_29' title="bbox 255 3764 1417 3847; baseline 0.003 -25"><span class='ocrx_word' id='word_1_222' title='bbox 255 3764 297 3824; x_wconf 82' lang='lat' dir='ltr'>Ac</span> <span class='ocrx_word' id='word_1_223' title='bbox 327 3765 456 3842; x_wconf 88' lang='lat' dir='ltr'>primum</span> <span class='ocrx_word' id='word_1_224' title='bbox 488 3764 608 3845; x_wconf 89' lang='lat' dir='ltr'>quidem</span> <span class='ocrx_word' id='word_1_225' title='bbox 638 3784 673 3825; x_wconf 85' lang='lat' dir='ltr'>ex</span> <span class='ocrx_word' id='word_1_226' title='bbox 702 3768 926 3846; x_wconf 82' lang='lat' dir='ltr'>quaestionibus</span> <span class='ocrx_word' id='word_1_227' title='bbox 954 3768 990 3828; x_wconf 91' lang='lat' dir='ltr'>ad</span> <span class='ocrx_word' id='word_1_228' title='bbox 1019 3767 1257 3847; x_wconf 89' lang='lat' dir='ltr'>orthographiam</span> <span class='ocrx_word' id='word_1_229' title='bbox 1269 3768 1299 3800; x_wconf 72' lang='lat'>¹³⁰</span> <span class='ocrx_word' id='word_1_230' title='bbox 1320 3769 1417 3808; x_wconf 48' lang='grc' dir='ltr'>ΨΜ</span> 
     </span>
    </p>
   </div>
   <div class='ocr_carea' id='block_1_4' title="bbox 168 3821 1417 3945">
    <p class='ocr_par' dir='ltr' id='par_1_7' title="bbox 168 3821 1417 3945">
     <span class='ocr_line' id='line_1_30' title="bbox 1269 3821 1317 3853; baseline 0 0"><span class='ocrx_word' id='word_1_231' title='bbox 1269 3821 1317 3853; x_wconf 85' lang='lat' dir='ltr'>nlbu</span> 
     </span>
     <span class='ocr_line' id='line_1_31' title="bbox 168 3821 1417 3945; baseline -0.001 -23"><span class='ocrx_word' id='word_1_232' title='bbox 168 3861 372 3940; x_wconf 85' lang='lat' dir='ltr'>spectantibus</span> <span class='ocrx_word' id='word_1_233' title='bbox 395 3864 595 3942; x_wconf 89' lang='lat' dir='ltr'>perstringam</span> <span class='ocrx_word' id='word_1_234' title='bbox 618 3866 722 3925; x_wconf 91' lang='lat' dir='ltr'>miram</span> <span class='ocrx_word' id='word_1_235' title='bbox 746 3865 828 3927; x_wconf 90' lang='lat' dir='ltr'>lahui</span> <span class='ocrx_word' id='word_1_236' title='bbox 848 3869 1001 3941; x_wconf 90' lang='lat' dir='ltr'>rationem,</span> <span class='ocrx_word' id='word_1_237' title='bbox 1025 3884 1112 3945; x_wconf 88' lang='lat' dir='ltr'>quam</span> <span class='ocrx_word' id='word_1_238' title='bbox 1133 3883 1254 3944; x_wconf 91' lang='lat' dir='ltr'>scrupn·</span> <span class='ocrx_word' id='word_1_239' title='bbox 1287 3821 1417 3916; x_wconf 40' lang='lat' dir='ltr'>abab?</span> 
     </span>
    </p>
   </div>
   <div class='ocr_carea' id='block_1_5' title="bbox 165 4049 1255 4446">
    <p class='ocr_par' dir='ltr' id='par_1_8' title="bbox 165 4049 1255 4446">
     <span class='ocr_line' id='line_1_32' title="bbox 238 4049 1255 4126; baseline 0.003 -24"><span class='ocrx_word' id='word_1_240' title='bbox 238 4054 263 4118; x_wconf 86' lang='lat'>1)</span> <span class='ocrx_word' id='word_1_241' title='bbox 278 4049 362 4104; x_wconf 88' lang='lat' dir='ltr'>Haud</span> <span class='ocrx_word' id='word_1_242' title='bbox 376 4049 475 4121; x_wconf 85' lang='lat' dir='ltr'>paucis</span> <span class='ocrx_word' id='word_1_243' title='bbox 489 4068 555 4106; x_wconf 87' lang='lat' dir='ltr'>vero</span> <span class='ocrx_word' id='word_1_244' title='bbox 570 4051 639 4107; x_wconf 86' lang='lat' dir='ltr'>locis</span> <span class='ocrx_word' id='word_1_245' title='bbox 654 4053 725 4108; x_wconf 87' lang='lat' dir='ltr'>mihi</span> <span class='ocrx_word' id='word_1_246' title='bbox 739 4055 803 4108; x_wconf 88' lang='lat' dir='ltr'>usui</span> <span class='ocrx_word' id='word_1_247' title='bbox 817 4058 878 4110; x_wconf 81' lang='lat' dir='ltr'>erat</span> <span class='ocrx_word' id='word_1_248' title='bbox 893 4057 927 4111; x_wconf 83' lang='lat' dir='ltr'>L.</span> <span class='ocrx_word' id='word_1_249' title='bbox 938 4055 1050 4126; x_wconf 75' lang='lat' dir='ltr'>Kp&#39;uare&#39;a&#39;</span> <span class='ocrx_word' id='word_1_250' title='bbox 1063 4054 1136 4108; x_wconf 87' lang='lat' dir='ltr'>liber</span> <span class='ocrx_word' id='word_1_251' title='bbox 1151 4053 1185 4107; x_wconf 90' lang='lat' dir='ltr'>de</span> <span class='ocrx_word' id='word_1_252' title='bbox 1200 4069 1255 4106; x_wconf 82' lang='lat' dir='ltr'>ser-</span> 
     </span>
     <span class='ocr_line' id='line_1_33' title="bbox 167 4129 1255 4205; baseline 0.005 -23"><span class='ocrx_word' id='word_1_253' title='bbox 167 4145 248 4183; x_wconf 89' lang='lat' dir='ltr'>mone</span> <span class='ocrx_word' id='word_1_254' title='bbox 257 4129 395 4185; x_wconf 81' lang='lat' dir='ltr'>luvenalia</span> <span class='ocrx_word' id='word_1_255' title='bbox 409 4131 646 4202; x_wconf 75' lang='lat' dir='ltr'>(Hauniae1875).</span> <span class='ocrx_word' id='word_1_256' title='bbox 698 4139 725 4205; x_wconf 81' lang='lat'>2)</span> <span class='ocrx_word' id='word_1_257' title='bbox 738 4133 824 4190; x_wconf 80' lang='lat' dir='ltr'>Grato</span> <span class='ocrx_word' id='word_1_258' title='bbox 838 4136 930 4190; x_wconf 85' lang='lat' dir='ltr'>animo</span> <span class='ocrx_word' id='word_1_259' title='bbox 939 4150 1153 4190; x_wconf 87' lang='lat' dir='ltr'>commemorem</span> <span class='ocrx_word' id='word_1_260' title='bbox 1162 4133 1255 4189; x_wconf 83' lang='lat' dir='ltr'>Frao-</span> 
     </span>
     <span class='ocr_line' id='line_1_34' title="bbox 166 4210 1255 4285; baseline 0.003 -22"><span class='ocrx_word' id='word_1_261' title='bbox 166 4210 231 4264; x_wconf 80' lang='lat' dir='ltr'>cisci</span> <span class='ocrx_word' id='word_1_262' title='bbox 239 4210 398 4267; x_wconf 79' lang='lat' dir='ltr'>Buechelere&#39;</span> <span class='ocrx_word' id='word_1_263' title='bbox 416 4210 620 4266; x_wconf 79' lang='lat' dir='ltr'>liberalitatem</span> <span class='ocrx_word' id='word_1_264' title='bbox 639 4213 688 4282; x_wconf 89' lang='lat' dir='ltr'>qui</span> <span class='ocrx_word' id='word_1_265' title='bbox 706 4232 762 4270; x_wconf 89' lang='lat' dir='ltr'>non</span> <span class='ocrx_word' id='word_1_266' title='bbox 775 4217 858 4271; x_wconf 88' lang='lat' dir='ltr'>modo</span> <span class='ocrx_word' id='word_1_267' title='bbox 870 4217 1010 4272; x_wconf 80' lang='lat' dir='ltr'>delectum</span> <span class='ocrx_word' id='word_1_268' title='bbox 1019 4213 1196 4285; x_wconf 79' lang='lat' dir='ltr'>propositum</span> <span class='ocrx_word' id='word_1_269' title='bbox 1210 4230 1255 4267; x_wconf 85' lang='lat' dir='ltr'>ac·</span> 
     </span>
     <span class='ocr_line' id='line_1_35' title="bbox 166 4290 1255 4364; baseline 0.006 -22"><span class='ocrx_word' id='word_1_270' title='bbox 166 4291 262 4343; x_wconf 84' lang='lat' dir='ltr'>curate</span> <span class='ocrx_word' id='word_1_271' title='bbox 286 4290 459 4346; x_wconf 79' lang='lat' dir='ltr'>examinavit</span> <span class='ocrx_word' id='word_1_272' title='bbox 476 4307 574 4345; x_wconf 87' lang='lat' dir='ltr'>verum</span> <span class='ocrx_word' id='word_1_273' title='bbox 593 4291 681 4347; x_wconf 79' lang='lat' dir='ltr'>etiam</span> <span class='ocrx_word' id='word_1_274' title='bbox 698 4312 755 4349; x_wconf 90' lang='lat' dir='ltr'>non</span> <span class='ocrx_word' id='word_1_275' title='bbox 774 4296 860 4349; x_wconf 82' lang='lat' dir='ltr'>nullis</span> <span class='ocrx_word' id='word_1_276' title='bbox 879 4296 948 4350; x_wconf 87' lang='lat' dir='ltr'>loeis</span> <span class='ocrx_word' id='word_1_277' title='bbox 972 4312 1043 4364; x_wconf 86' lang='lat' dir='ltr'>quae</span> <span class='ocrx_word' id='word_1_278' title='bbox 1067 4296 1104 4349; x_wconf 85' lang='lat' dir='ltr'>ad</span> <span class='ocrx_word' id='word_1_279' title='bbox 1128 4294 1255 4364; x_wconf 85' lang='lat' dir='ltr'>singulas</span> 
     </span>
     <span class='ocr_line' id='line_1_36' title="bbox 165 4367 1202 4446; baseline 0.007 -23"><span class='ocrx_word' id='word_1_280' title='bbox 165 4367 302 4426; x_wconf 85' lang='lat' dir='ltr'>lectiones</span> <span class='ocrx_word' id='word_1_281' title='bbox 322 4369 509 4427; x_wconf 80' lang='lat' dir='ltr'>stabiliendas</span> <span class='ocrx_word' id='word_1_282' title='bbox 527 4372 591 4427; x_wconf 85' lang='lat' dir='ltr'>usui</span> <span class='ocrx_word' id='word_1_283' title='bbox 610 4378 691 4431; x_wconf 80' lang='lat' dir='ltr'>erant</span> <span class='ocrx_word' id='word_1_284' title='bbox 709 4376 831 4446; x_wconf 85' lang='lat' dir='ltr'>benigne</span> <span class='ocrx_word' id='word_1_285' title='bbox 850 4394 959 4431; x_wconf 89' lang='lat' dir='ltr'>mecum</span> <span class='ocrx_word' id='word_1_286' title='bbox 977 4374 1202 4431; x_wconf 83' lang='lat' dir='ltr'>communicavit.</span> 
     </span>
    </p>
   </div>
   <div class='ocr_carea' id='block_1_6' title="bbox 0 0 1524 4934">
    <p class='ocr_par' dir='ltr' id='par_1_9' title="bbox 0 0 1524 4934">
     <span class='ocr_line' id='line_1_37' title="bbox 0 0 1524 4934; baseline 0 5"><span class='ocrx_word' id='word_1_287' title='bbox 0 0 1524 4934; x_wconf 95' lang='lat' dir='ltr'> </span> 
     </span>
    </p>
   </div>
  </div>
 </body>
</html>
