3038 4934
702 295 915 357 ,72-

186 480 262 513 vno.
363 456 476 520 vitot
539 461 593 532 qui
614 460 709 518 nibil
730 461 898 534 expositum
920 463 1015 518 soleat
1038 461 1198 519 deducere.

270 575 327 634 hoc
352 593 470 653 quoque
494 574 559 633 loco
583 591 643 633 non
663 581 708 632 εει
727 590 781 632 cur
800 591 815 631 a
835 571 961 633 lectione
981 573 1044 634 cod.
1063 573 1140 634 Pith.
1159 577 1205 635 nii
1221 573 1360 634 exhihen-

162 701 166 708 =
267 675 305 732 tis
330 673 511 732 recedamus.

151 797 187 830 vn
199 799 253 831 us..
355 777 405 837 Vll
424 775 465 839 57
478 797 516 838 ss.
821 780 916 837 omnis
935 781 1042 840 acerbi

312 879 487 955 impatiens,
511 877 641 952 cupidus
664 877 811 934 siluarum
830 878 1032 952 avidusque
1056 879 1192 938 bibendis

309 973 445 1049 sontibus
468 974 626 1036 Aonidum.

243 1098 346 1177 'qiiod
371 1115 473 1156 omnes
496 1095 565 1156 libri
588 1095 732 1175 praebent
756 1103 904 1172 aptusque
926 1098 1065 1159 bibendis
1087 1116 1158 1178 prae
1182 1098 1275 1158 lahnii
1298 1116 1362 1158 mtr-

268 1197 378 1255 tatione
407 1196 574 1268 avidusque
604 1193 786 1254 scholiorum
816 1202 850 1254 ut
873 1192 1029 1252 videbatur
1053 1194 1189 1255 lemmate
1213 1213 1362 1285 commen·

269 1294 333 1353 slata
359 1291 474 1352 abunde
495 1291 693 1351 defenderunt
712 1291 863 1351 Hermann
883 1289 979 1366 (Vind.
999 1290 1058 1351 lov.
1078 1310 1106 1370 p.
1127 1285 1183 1373 12)
1203 1300 1234 1352 et
1251 1291 1363 1351 Vahlen

269 1385 301 1472 (l.
322 1409 346 1450 c.
365 1409 393 1468 p.
408 1384 474 1470 26).
516 1397 609 1450 restat
632 1397 666 1448 ut
689 1388 916 1450 fundamentum
941 1408 1059 1468 quoque
1083 1390 1219 1450 lectionis
1243 1393 1363 1451 auidus-

269 1507 327 1564 que
351 1506 366 1546 ε
390 1486 474 1547 libris
503 1488 629 1565 petitum
658 1485 845 1566 subtraham,
875 1487 1006 1546 scholion
1036 1489 1114 1547 enim
1138 1487 1172 1547 ad
1196 1484 1309 1548 vl158
1333 1489 1364 1547 in

270 1585 423 1646 codicibus
443 1586 485 1644 sic
505 1585 707 1663 conscriptum
727 1583 849 1662 legitur:
872 1585 1104 1644 IMPATIENS
1121 1586 1207 1645 CVP.
1235 1588 1366 1660 baoidus

269 1691 304 1744 ut
328 1685 453 1745 (iratius
473 1690 568 1762 etqsq.
606 1701 663 1760 quo
688 1682 721 1742 sn
745 1690 777 1742 ut
801 1685 910 1743 auidus
934 1683 1014 1742 nidlo
1033 1691 1119 1762 pacto
1139 1683 1174 1743 ad
1194 1683 1300 1743 lemma
1318 1701 1365 1743 re·

271 1783 344 1842 ferri
367 1782 470 1860 possit.
497 1814 534 1822 -

165 1933 271 1976 vnusq.
363 1905 412 1966 Vll
432 1903 473 1968 88
484 1924 528 1985 sq.
580 1908 629 1966 ille
652 1913 681 1966 et
703 1908 830 1966 militiae
853 1906 953 1964 multis
975 1906 1110 1978 inroitur
1132 1905 1276 1965 bonorem

317 2007 477 2066 semenstri
499 2011 619 2064 uatum
642 2005 779 2077 diaitos
803 2005 996 2077 circumliaat
1016 2019 1101 2062 auro.

272 2139 305 2191 ut
334 2129 399 2189 loco
432 2129 587 2205 superiore
610 2129 651 2187 ita
674 2126 730 2186 hoc
755 2126 934 2186 scholiorum
959 2120 1094 2186 lemmate
1118 2127 1193 2187 male
1217 2129 1367 2207 exscripto

263 2210 408 2288 ¹Iahnium
436 2225 594 2305 deceptum
624 2243 689 2285 esse
723 2223 818 2284 ohiter
846 2233 971 2304 tangam.
1017 2223 1089 2285 illud
1118 2227 1197 2285 onim
1221 2234 1251 2285 et
1274 2224 1368 2285 libros

274 2323 467 2404 interpolatos
496 2331 617 2385 secutus
646 2324 766 2402 scripsit
794 2330 895 2383 uatum
927 2324 1046 2398 diaitos.
1093 2322 1273 2383 Pithoeanus
1296 2341 1368 2382 vero

273 2421 397 2502 praebet
414 2423 659 2497 semenstriaidos
678 2426 795 2480 uastum
814 2439 882 2481 cum
903 2439 960 2499 quo
981 2421 1091 2499 optime
1112 2422 1243 2480 concinit
1261 2419 1368 2495 lemma

276 2518 403 2580 SEMEN
429 2519 457 2579 S.
477 2519 507 2579 V.
532 2527 613 2579 recte
642 2519 733 2597 igitur
756 2517 827 2578 lahn
855 2521 886 2578 in
915 2518 1007 2578 altera
1031 2517 1160 2578 editione
1185 2517 1221 2578 ad
1245 2520 1368 2597 positio-

274 2636 342 2678 nem
361 2616 520 2677 verborum
540 2618 651 2702 optimo
671 2615 746 2676 libro
765 2617 922 2676 indicatam
941 2614 1031 2674 rediit
1051 2608 1102 2696 (ci.
1126 2614 1249 2675 Vahleni
1267 2616 1369 2695 dispu-

277 2718 418 2776 tationem
453 2716 502 2775 cui
534 2716 712 2794 inscriptum
745 2722 791 2773 εει
821 2715 952 2774 Juvenal
980 2715 1045 2773 und
1071 2713 1162 2773 Paris
1191 2720 1249 2774 act.
1278 2717 1368 2774 acad.

277 2815 376 2875 Berol.
397 2832 425 2874 a.
444 2813 527 2873 1883
547 2832 577 2890 p.
597 2807 640 2894 2).

173 2967 280 3006 vnsssq.
370 2937 420 2998 Vll
440 2935 481 2999 98
491 2956 535 3018 sq.
592 2939 695 2999 l'ester
714 2953 810 3013 porro
833 2938 921 2996 labor
940 2934 1104 3010 fecundior
1126 2937 1324 2997 historiarum

320 3040 487 3113 scriptores
504 3039 606 3112 petit
628 3037 679 3095 bic
698 3037 769 3111 plus
792 3037 934 3110 temporis
958 3040 1049 3108 atque
1072 3037 1131 3094 olei
1149 3037 1226 3109 plus.

272 3159 295 3219 P
316 3169 346 3220 ει
364 3161 387 3219 Α
404 3164 521 3240 perit,
540 3159 716 3219 rectissimo.
754 3159 869 3216 iocatur
888 3164 974 3233 poeta
990 3156 1025 3215 de
1041 3156 1232 3217 historiarum
1241 3144 1372 3237 'scripto-

276 3255 360 3317 ribus
384 3258 415 3316 in
438 3258 590 3336 passivum
614 3262 734 3314 vertens
758 3254 836 3333 quod
861 3255 891 3313 in
915 3255 1046 3313 omnium
1071 3272 1122 3314 oro
1146 3263 1201 3335 est,
1224 3255 1372 3317 derebus

277 3355 432 3416 inutilibus
457 3351 595 3436 ‘perdere
619 3355 717 3416 oleum
741 3363 771 3414 et
793 3346 935 3432 oporam'.

145 3514 182 3547 vn
197 3516 262 3547 us...
364 3479 414 3540 Vll
436 3475 498 3542 159
510 3498 548 3540 ss.
861 3480 952 3554 culpa
976 3480 1112 3538 docentis

318 3581 436 3639 scilicet
460 3582 608 3654 arquitur
631 3580 713 3652 quod
735 3581 841 3637 laeua
861 3582 953 3653 purte
976 3578 1126 3636 mamillae

318 3678 364 3734 nil
384 3679 456 3736 satit
480 3677 634 3736 Arcadico
658 3676 761 3734 iuueni
774 3720 780 3733 .
795 3719 825 3735 ..

273 3803 336 3859 leae
365 3798 444 3874 qnod
476 3796 584 3876 legitur
608 3801 638 3858 in
663 3798 826 3860 Pithoeano
852 3817 911 3858 non
936 3800 1034 3858 errori
1057 3798 1170 3859 librarii
1193 3799 1283 3859 huius
1307 3798 1372 3860 cod.

274 3888 418 3966 originem
443 3885 552 3946 debere
577 3887 628 3947 sed
653 3889 710 3947 iam
734 3889 765 3947 in
791 3887 855 3948 cod.
875 3886 902 3946 X
926 3889 1075 3948 exstitisse
1100 3906 1264 3949 consensus
1284 3888 1373 3949 docet

274 3984 451 4046 schedarum
483 3985 689 4046 hroviensium
722 4005 758 4045 ex
792 3986 896 4045 codem
927 3986 1007 4044 sonte
1041 3985 1245 4047 deductarum.
1302 3987 1372 4045 trita

274 4104 344 4145 vero
369 4083 495 4143 lectione
520 4091 641 4161 accepta
665 4077 926 4143 ‘mamillam'.hoc
950 4083 1014 4142 loco
1041 4085 1208 4164 significare
1233 4082 1372 4145 iubemus

275 4175 413 4263 ‘pectus’,
448 4178 527 4261 quod
561 4180 586 4239 si
614 4179 669 4240 hac
703 4198 772 4240 voco
800 4180 983 4240 intellectum
1015 4181 1077 4242 vult
1109 4181 1252 4260 pluralem
1286 4184 1372 4260 ponit

275 4289 363 4361 poeta
399 4272 450 4362 (Vl
477 4275 552 4360 401,
579 4274 642 4339 491
678 4296 715 4338 ne
748 4277 794 4337 his
831 4278 950 4357 quidam
983 4278 1056 4339 locis
1089 4280 1209 4358 propria
1249 4281 1371 4340 notione

277 4372 425 4462 neglecta)
457 4395 525 4440 cum
558 4377 701 4458 singulari
733 4393 825 4436 unum
857 4368 961 4456 μαζόν
997 4376 1128 4437 declaret
1160 4393 1219 4454 qua
1251 4378 1372 4438 notione
