3038 4934
642 288 854 352 „46-

205 453 285 511 cium
309 470 368 511 non
391 452 426 511 ad
451 453 540 511 linem
564 461 723 511 exsecutus
746 452 777 511 in
803 470 889 511 versu
913 449 976 510 XVl
992 447 1035 511 45
1059 449 1207 530 substitit,
1235 453 1299 510 sive

204 548 284 626 quod
309 549 405 609 taedio
429 551 529 629 operis
553 558 657 628 captus
681 549 737 609 tuit
760 551 821 608 sive
847 547 1077 627 explicationum
1101 548 1198 609 fontes
1216 548 1298 608 deie-

205 655 323 728 cerunt,
353 650 401 708 cui
425 651 469 708 rei
493 650 594 707 nescio
619 650 656 706 an
680 647 813 707 scholion
842 641 922 707 ‘Ista
945 649 1140 723 apierisque
1162 648 1299 722 explodi-

204 751 255 804 tur
278 790 285 803 .
311 792 317 804 .
341 740 365 804 .'
395 756 489 825 etqsq.
518 748 661 825 originem
695 744 814 823 debeat,
850 762 917 804 cum
946 762 1021 824 quae
1051 747 1116 823 ipse
1148 743 1299 823 explicare

204 850 255 902 aut
278 841 374 903 noluit
397 852 449 905 aut
472 863 531 903 nou
555 845 653 923 potuit
672 845 791 903 omnino
815 842 1009 920 explicatione
1035 842 1153 921 indigna
1179 861 1244 902 esse
1269 849 1301 902 et

204 938 260 998 sibi
289 948 319 1000 et
348 940 413 1001 aliis
436 941 617 1020 persuadere
643 940 799 1001 studuerit.
845 958 942 1018 neque
973 940 1085 1019 probus
1115 943 1171 1001 iste
1201 958 1311 1026 gram3

204 1039 329 1099 malicus
354 1057 442 1117 quem
467 1057 554 1099 vanas
578 1048 666 1117 atque
690 1037 831 1099 ridiculas
856 1037 1068 1115 explicationes
1093 1037 1155 1097 fere
1179 1046 1300 1114 captare
1382 1074 1384 1078 -

205 1135 338 1195 videmus
363 1138 498 1196 omisisse
522 1136 671 1214 putandus
700 1145 745 1196 est
773 1135 853 1214 quod
877 1138 1006 1213 opinioni
1037 1153 1108 1195 suae
1137 1134 1300 1193 firmandae

204 1232 251 1291 vel
269 1235 378 1311 optime
398 1235 543 1294 inservire
563 1236 667 1313 potuit,
685 1235 825 1311 exiguum
844 1234 910 1293 dico
930 1242 1047 1293 saturae
1068 1227 1220 1311 ‘spuriae'
1237 1250 1297 1291 am·

205 1329 308 1390 bitum.
347 1349 404 1410 qua
424 1333 537 1391 ratione
557 1350 625 1391 oum
640 1349 732 1390 unum
752 1342 958 1409 argumentum
980 1331 1058 1409 quod
1078 1338 1181 1390 contra
1197 1338 1299 1390 aucto-

204 1429 322 1489 ritatem
342 1429 499 1508 fragmenti
518 1431 626 1489 servati
650 1429 747 1488 iacere
773 1428 927 1490 videbatur
951 1429 1035 1490 lacile
1059 1446 1204 1508 removes,
1228 1446 1297 1487 suc·

206 1529 300 1587 crevit
324 1546 411 1587 causa
431 1537 552 1587 externa
578 1547 634 1606 qua
659 1531 709 1607 qui
735 1529 843 1588 lactum
867 1531 907 1588 sit
929 1535 963 1588 ut
987 1536 1086 1588 satura
1106 1535 1300 1588 truncaretur

210 1624 348 1702 explices,
373 1643 441 1685 cum
460 1626 657 1704 fragmentum
677 1625 748 1685 illud
768 1627 825 1685 iam
847 1645 862 1685 a
882 1637 968 1704 poeta
992 1625 1038 1685 vel
1061 1625 1097 1684 ah
1121 1626 1223 1684 amicis
1247 1626 1301 1682 im-

204 1722 370 1800 perfectum
400 1724 512 1784 editum
546 1743 611 1785 esse
642 1723 751 1784 nullam
780 1723 995 1801 probabilitatis
1025 1719 1300 1807 speciemhabeat.

204 1820 283 1880 haud
308 1830 419 1880 temere
444 1839 513 1880 vero
538 1824 647 1882 coicias
665 1824 695 1881 in
716 1822 818 1882 codice
838 1822 939 1881 nescio
963 1839 1022 1900 quo
1046 1819 1112 1879 lolia
1137 1819 1301 1879 novissima

204 1917 324 1978 scholiis
356 1921 486 1979 carentia
515 1921 641 1980 rescissa
670 1937 736 1979 esse
770 1919 805 1978 ab
839 1921 876 1978 iis
907 1937 982 1996 quae
1013 1916 1119 1997 glossis
1151 1919 1301 1977 instructa

204 2024 298 2096 erant,
322 2035 410 2095 opera
432 2016 559 2076 hominis
578 2020 673 2097 ignari
692 2017 918 2096 litterarumque
938 2015 1030 2076 rudis.
1068 2034 1143 2094 quae
1163 2034 1211 2074 res
1231 2023 1303 2075 utut

204 2131 236 2172 se
259 2112 357 2193 habat,
381 2132 451 2174 casu
475 2113 574 2193 aliquo
593 2114 661 2174 lolia
685 2114 787 2175 ultima
806 2115 918 2174 codicis
937 2114 1089 2193 archetypi
1108 2113 1298 2173 intercidisse

204 2220 365 2290 procerte
394 2231 499 2293 ponas,
535 2215 585 2273 cui
613 2214 778 2272 sententiae
803 2231 868 2272 sese
897 2212 1097 2272 adiunxerunt
1127 2213 1179 2290 qui
1202 2229 1301 2289 nuper

205 2327 268 2369 rem
300 2312 424 2389 tetigere
455 2309 587 2370 Rihhcch
611 2308 791 2391 Buecheler,
819 2309 867 2370 hic
897 2309 1015 2389 quidem
1047 2311 1199 2386 ingeniosa
1229 2327 1299 2368 con·
1324 2361 1327 2365 ,

204 2409 317 2467 iectura
351 2426 452 2467 casum
484 2426 543 2467 non
576 2427 678 2469 carere
712 2409 826 2468 ratione
864 2408 1022 2468 ostendere
1056 2415 1179 2468 conatus
1209 2399 1299 2489 (Mus.

205 2504 297 2566 lihen.
316 2504 410 2565 XXIX
426 2502 513 2584 636).
538 2508 739 2585 proficiscitur
758 2509 837 2567 enim
858 2526 873 2566 a
893 2506 997 2567 lacuna
1021 2505 1070 2565 illa
1094 2523 1181 2584 quam
1201 2505 1299 2564 medio

205 2605 267 2663 lere
287 2606 406 2682 corpori
426 2604 606 2665 scholiorum
621 2607 719 2665 inesse
735 2605 877 2666 diximus:
901 2608 1094 2678 casualiquo
1115 2605 1156 2663 ait
1171 2604 1301 2663 Iahnius

204 2719 242 2761 ea
265 2705 296 2761 in
317 2706 468 2762 communi
485 2706 652 2781 archetypo
672 2708 842 2779 intercepto
861 2705 1053 2782 existimavit,
1077 2719 1132 2776 epo
1151 2703 1300 2761 librorum

204 2806 337 2861 naturae
360 2818 420 2861 non
444 2803 530 2861 video
554 2805 629 2876 quia
646 2806 686 2862 sit
704 2805 802 2877 magis
821 2807 1068 2874 consentaneum,
1092 2815 1182 2873 quam
1206 2805 1300 2858 toturn

205 2899 357 2958 interiisse
377 2897 492 2973 folium.
534 2903 684 2960 tricenum
709 2903 805 2974 igitur
828 2917 969 2960 versuum
991 2897 1075 2974 foliis
1099 2899 1300 2973 archetypum

205 2998 398 3070 compositum
419 2994 516 3071 fuisse
535 3006 618 3074 puto.
662 3001 722 3057 ianr
741 3015 869 3056 numera
894 3000 964 3057 inde
984 3015 1003 3056 a
1025 2997 1088 3054 VII
1098 2994 1170 3067 159,
1194 3000 1229 3054 ut
1246 2997 1301 3069 qui

201 3093 319 3164 primus
334 3090 434 3166 suerit
452 3097 482 3153 in
503 3097 604 3168 atiquo
620 3093 706 3169 solio,
724 3113 830 3154 uersus
848 3102 1027 3154 saturarum
1047 3096 1187 3168 reliquos,
1208 3096 1299 3153 adice

204 3191 337 3263 singulos
363 3195 554 3267 praepositos
584 3196 699 3252 saturis
729 3195 880 3265 aliamque
915 3194 953 3252 ab
983 3196 1048 3251 alia
1081 3194 1298 3266 discernentes,

200 3293 367 3361 praeterea
398 3291 473 3349 duos
505 3293 613 3364 quibus
643 3293 749 3365 quarti
776 3291 850 3350 libri
875 3298 905 3350 et
931 3293 1031 3365 quinti
1057 3293 1188 3350 exordia
1217 3293 1298 3350 indi--

204 3391 325 3459 cantur,
349 3404 423 3446 neue
441 3405 534 3447 unani
555 3392 637 3449 iliani
656 3390 829 3463 neglexeris
849 3395 917 3464 post
942 3389 993 3447 IX
1004 3388 1068 3446 134
1086 3389 1237 3448 sublatum
1257 3389 1296 3448 ab

204 3484 371 3542 editoribus
394 3486 449 3543 seii
472 3488 639 3560 antiquitus
663 3489 811 3547 traditum
830 3493 859 3548 et
877 3504 1022 3547 summani
1046 3504 1209 3560 cognosces
1226 3489 1302 3558 lieri

204 3595 344 3639 uersuum
367 3581 462 3640 2040
481 3581 559 3658 folia
583 3587 766 3659 implentium
792 3586 834 3644 68
857 3589 924 3645 sine
952 3588 1015 3644 ulla
1040 3586 1221 3644 dedrtctione
1245 3593 1300 3644 aut

205 3680 387 3739 accessione.
434 3683 537 3755 itaque
560 3686 614 3757 qui
636 3685 725 3742 bodie
743 3687 857 3743 saturis
879 3686 971 3755 finem
987 3680 1067 3755 facit
1090 3700 1196 3742 uersus
1219 3684 1299 3742 idem

205 3780 358 3833 extremus
382 3775 445 3850 suit
476 3782 507 3838 in
540 3782 702 3856 archetypi
730 3779 818 3855 folio,
852 3797 909 3840 nec
938 3783 1043 3854 piures
1079 3782 1122 3839 ad
1148 3798 1201 3840 uos
1226 3798 1298 3856 per-

205 3881 353 3932 uenerunt
375 3877 443 3935 ideo
467 3880 549 3950 quod
570 3882 727 3953 sequentia
751 3881 867 3939 codicis
892 3876 969 3951 solia
998 3886 1168 3938 autunum
1191 3881 1298 3939 saltem

201 3973 370 4046 perierant.
422 3977 676 4035 verumenimvero
710 3977 780 4036 huic
809 3979 960 4053 speciosae
989 3978 1177 4036 coniecturae
1208 3984 1297 4053 atque

203 4071 300 4147 primo
324 4068 430 4129 obtutu
450 4089 504 4146 per
527 4090 559 4130 se
583 4070 729 4149 probabili
753 4072 889 4150 plausum
917 4093 962 4134 me
990 4093 1049 4134 nou
1074 4075 1144 4133 dare
1168 4075 1297 4151 ingenue

206 4167 307 4227 lateor.
352 4163 444 4246 quid?
485 4167 642 4247 descripsit
662 4169 800 4229 librarius
824 4180 939 4231 saturas
959 4183 988 4231 ct
1007 4171 1116 4231 scholia
1142 4190 1237 4249 usque
1261 4172 1296 4231 ad

205 4265 254 4325 Vll
278 4264 352 4346 129,
377 4284 505 4345 sequens
529 4266 630 4326 lolium
655 4278 705 4326 aut
729 4269 828 4327 omisit
852 4279 901 4328 aut
925 4269 1113 4328 intercidisse
1138 4272 1167 4329 in
1192 4269 1294 4329 codice

205 4364 363 4444 archetypo
392 4384 450 4425 non
479 4367 587 4426 sensit:
617 4383 719 4425 errore
748 4383 818 4424 vero
842 4369 959 4445 cognito
984 4385 1019 4426 ex
1044 4366 1099 4425 alio
1128 4366 1291 4446 exemplari
