3038 4934
647 287 862 378 .-·44-

210 451 364 512 erroribus
388 469 455 511 cum
480 458 561 511 textu
575 449 743 510 'Pithoeano
767 453 937 530 conspirare
963 453 1154 530 cognovimus
1178 453 1216 511 ita
1240 453 1302 512 iam

209 554 239 611 in
264 549 423 628 archetypo
447 549 497 609 illo
520 548 546 608 X
570 567 604 609 ea
632 547 740 628 puerili
770 557 857 628 atque
886 552 986 629 inepto
1016 549 1102 610 modo
1130 553 1300 629 conscripta

210 647 388 725 scholiisque
413 647 540 726 praelixa
564 665 629 706 esse
653 655 757 706 natura
781 665 881 707 rerum
906 658 994 727 atque
1023 650 1115 709 totius
1139 651 1301 709 memoriae

211 749 284 807 ratio
309 747 414 824 arguit.
457 763 584 823 quocum
610 743 693 810 bene,
708 746 859 827 convenit7
884 745 961 824 quod
986 746 1064 807 haud
1088 764 1198 826 paucos
1224 749 1301 826 opti·

209 862 273 904 mae
297 852 384 903 notae
408 842 500 902 libros
523 842 627 902 eodem
647 861 704 921 quo
724 842 750 903 X
773 852 925 903 exaratum
945 843 1037 904 luisse
1062 842 1200 904 duximus
1224 854 1300 904 tem·

209 961 281 1021 pore
306 941 426 1002 scholiis
450 944 611 1002 instructos
640 943 819 1020 invenimus,
852 940 932 1001 velut
959 944 1023 1021 ipsa
1047 940 1193 1002 luvenalis
1221 924 1300 1021 irog-

210 1048 307 1101 menta
337 1041 540 1118 antiquissima
563 1039 733 1120 Bohiensia‚
764 1058 890 1119 quorum
919 1039 1031 1117 glossas
1064 1038 1181 1099 saeculo
1215 1048 1301 1100 sexto

210 1139 256 1198 vel
284 1141 410 1216 septimo
435 1137 654 1214 Zangemeister
682 1137 829 1217 attribuit3
862 1156 916 1197 trec
945 1156 1004 1198 non
1032 1137 1236 1215 exemplorum
1269 1141 1301 1198 in

212 1235 319 1296 tabulis
343 1235 387 1296 IV.
411 1235 454 1296 X..
470 1234 537 1294 xxi
561 1235 745 1314 depictorum
770 1234 880 1295 scholia
905 1235 940 1295 ad
966 1253 1041 1296 saec.
1062 1234 1098 1294 Vl
1117 1236 1302 1297 referuntur.

210 1334 279 1413 quid
311 1333 388 1412 quod
423 1333 603 1394 scholiorum
633 1352 687 1413 ope
720 1335 891 1393 memoriam
924 1341 1022 1393 textus
1046 1332 1226 1394 luvenaliani
1255 1334 1302 1394 vel

211 1431 286 1492 ultra
309 1431 366 1492 hoc
390 1431 569 1510 archetypon
593 1433 733 1511 persequi
751 1427 845 1492 licet?
873 1448 1037 1491 consensus
1056 1432 1134 1490 enim
1153 1431 1300 1492 librorum

209 1530 231 1589 P
252 1538 281 1590 et
300 1530 323 1588 Α
344 1538 374 1589 et
389 1529 429 1608 Sg
448 1531 565 1608 saepius
585 1547 601 1588 3
621 1529 705 1589 nobis
729 1529 916 1607 praedicatus
940 1531 1027 1589 etiam
1048 1547 1142 1606 usque
1163 1529 1198 1588 ad
1223 1528 1303 1589 ordi·

209 1646 276 1687 nem
292 1627 476 1706 singulorum
491 1626 671 1687 scholiorum
686 1629 907 1707 perversissime
918 1629 1106 1687 immutatum
1119 1627 1203 1708 redit,
1214 1629 1303 1687 errius

208 1726 391 1786 contusionis
416 1744 501 1786 causa
526 1734 615 1804 atque
636 1728 718 1804 origo
743 1743 809 1785 cunt
835 1743 931 1803 neque
956 1724 990 1784 ad
1020 1727 1174 1802 antiquum
1203 1743 1302 1804 neque

208 1823 243 1883 ad
265 1826 462 1884 recentiorem
481 1826 674 1902 interpretem
694 1825 843 1903 pertinere
859 1825 953 1902 possit
972 1841 1007 1882 ex
1027 1822 1119 1882 altero
1140 1823 1302 1903 archetypo
1335 1842 1337 1846 ’

208 1920 283 1980 libro
307 1920 331 1979 X
357 1923 444 1981 etiam
468 1922 634 2000 antiquiore
659 1920 818 1999 repetenda
843 1929 896 1980 est.
939 1939 975 1980 en
1000 1921 1121 1998 vestigia
1146 1920 1200 1980 alia
1224 1940 1303 2000 quae

209 2018 310 2077 cadem
335 2017 443 2077 scholia
469 2018 554 2077 nobis
578 2020 728 2096 aperiunt:
760 2021 816 2077 iam
846 2016 917 2078 illud
948 2020 1094 2078 vetustius
1118 2018 1302 2098 archetypon

209 2110 262 2199 (Y)
287 2111 408 2176 ‘variis'
433 2135 506 2194 quas
530 2134 668 2176 vocamus
692 2115 870 2176 lectionibus
889 2118 1070 2177 instructum
1090 2114 1170 2177 erat:¹
1191 2117 1303 2194 legitur

208 2216 286 2274 enim
310 2211 415 2276 11138
440 2218 471 2275 in
495 2218 572 2276 valle
601 2218 676 2275 coilo
703 2216 826 2287 Quirini
855 2224 884 2274 et
913 2216 943 2274 in
972 2223 1054 2275 textu
1084 2216 1147 2274 cod.
1167 2215 1245 2276 Pith.
1271 2224 1303 2277 et

206 2315 237 2372 in
267 2311 446 2371 scholiorum
476 2310 677 2391 lemmatibus
707 2311 864 2373 exhibebat
892 2315 954 2372 sine
983 2312 1073 2373 dubio
1103 2313 1179 2373 hanc
1207 2316 1301 2374 inter·

207 2410 385 2490 polationem
409 2413 466 2470 iam
491 2409 529 2471 X:
554 2412 697 2489 scriptum
723 2419 786 2470 erat
809 2413 899 2490 igitur
922 2413 952 2470 in
976 2410 999 2470 Y

714 2522 773 2561 colle

615 2581 645 2640 in
670 2581 741 2641 valle
766 2579 892 2663 Quirini,

207 2695 360 2757 descendit
388 2695 475 2756 lectio
504 2696 651 2774 adscripta
680 2699 711 2757 in
735 2696 761 2756 X
790 2699 847 2756 iam
876 2697 911 2756 ad
940 2715 1059 2757 versum
1087 2699 1198 2777 ipsum,
1232 2715 1301 2776 per·

207 2793 342 2872 vulgatus
366 2802 411 2854 est
435 2812 519 2854 error
543 2797 572 2854 in
594 2795 616 2854 P
641 2803 670 2855 ot
695 2795 722 2856 S.
765 2794 889 2855 similem
914 2793 1008 2854 labem
1033 2795 1055 2854 P
1081 2796 1205 2854 traxisse
1225 2802 1300 2873 puto

207 2890 232 2950 Χ
255 2890 316 2952 189
342 2892 392 2952 ubi
416 2896 473 2954 boc
497 2898 557 2955 olto
577 2903 661 2955 recto
681 2899 763 2954 vultu
786 2892 910 2972 praebet
933 2902 963 2953 et
982 2891 1007 2950 X
1023 2891 1084 2953 221
1112 2891 1163 2953 ubi
1182 2891 1217 2950 ad
1238 2911 1301 2954 uno

123 3069 126 3073 ἵ
208 2987 345 3049 librarius
360 2991 471 3051 addidit
486 2999 576 3066 tutor,
591 3010 679 3070 quam
694 2991 827 3051 voculam
842 2991 968 3070 glossam
982 2991 1015 3050 ad
1026 2993 1138 3052 Hirrus
1149 2984 1205 3075 (vs.
1218 2985 1300 3075 122)

206 3105 271 3146 esse
302 3087 373 3147 lahn
404 3091 563 3167 perspexit.
612 3098 738 3166 utroque
767 3107 836 3147 vero
865 3088 929 3148 loco
959 3089 1140 3150 scholiorum
1164 3091 1300 3150 testimo·

206 3186 287 3244 nium
312 3184 404 3265 deest,
429 3203 485 3263 qua
505 3185 541 3245 de
567 3204 654 3245 causa
675 3204 744 3245 num
765 3205 850 3246 error
869 3186 903 3246 ad
923 3186 949 3246 X
969 3205 1005 3246 an
1025 3187 1060 3246 ad
1080 3188 1102 3247 Y
1122 3188 1301 3250 referendus

206 3285 244 3344 sit
266 3285 399 3344 incertus
423 3282 537 3343 haeres.

293 3390 383 3451 Plana
407 3399 494 3470 atque
522 3400 623 3470 aperta
648 3409 713 3451 esse
737 3399 808 3469 puto
837 3410 911 3470 quac
936 3391 970 3451 ad
995 3391 1089 3451 bonae
1114 3395 1300 3454 recensionis

206 3488 359 3549 historiam
370 3490 603 3568 cognoscendam
616 3489 796 3550 scholiorum
807 3491 953 3569 imprimis
968 3489 1145 3550 adminiculo
1157 3490 1298 3570 indagare

207 3585 299 3666 licuit,
324 3588 442 3666 siquid
468 3590 588 3647 omnino
616 3588 736 3666 planum
764 3597 960 3667 apertumque
989 3605 1054 3646 esse
1083 3598 1182 3667 potest
1210 3589 1298 3650 nobis

205 3692 305 3745 textus
328 3685 375 3745 tila
404 3695 433 3746 et
461 3705 652 3766 progressum
676 3688 706 3745 in
732 3687 820 3746 tontis
844 3685 977 3745 tenebris
1001 3685 1091 3746 reluti
1119 3705 1173 3766 per
1201 3696 1297 3749 trans·

205 3800 312 3841 ennam
342 3784 562 3862 aspicientibus
610 3785 661 3844 sed
690 3792 756 3862 apte
782 3802 846 3843 sese
876 3785 1011 3861 excipere
1042 3783 1126 3843 nobis
1150 3785 1297 3846 concedas

205 3883 287 3941 initia
316 3879 364 3940 illa
393 3884 551 3942 memoriae
581 3884 738 3962 scripturis
763 3877 793 3942 ξ
818 3881 928 3941 saeculi
954 3885 1051 3960 quarti
1076 3891 1297 3962 repraesentata

205 3997 354 4041 unacum
381 3977 557 4040 lectionibus
586 3983 615 4040 iu
644 3981 851 4040 additamentis
879 3978 1058 4039 scholiorum
1088 3980 1230 4061 exhibita,
1260 3999 1296 4041 ex

204 4077 296 4138 altera
327 4086 409 4154 parte
442 4085 539 4136 textus
571 4080 692 4156 vestigia
722 4078 790 4137 inde
822 4096 836 4136 a
865 4076 985 4138 saeculo
1021 4097 1098 4137 nono
1131 4097 1226 4156 usquc
1259 4079 1294 4140 ad

206 4174 355 4236 saeculum
387 4183 501 4234 sextum
535 4183 565 4234 et
595 4193 669 4254 quae
701 4183 923 4237 antecesserant
954 4186 1087 4253 ternpore
1117 4179 1236 4237 inventa
1266 4186 1296 4239 et

205 4281 349 4353 promota.
396 4273 432 4333 de
472 4271 594 4351 rebquis
625 4273 744 4351 quidem
778 4282 876 4336 textus
908 4276 975 4335 latis
1008 4273 1184 4353 prodigiosis
1217 4293 1295 4353 quae

205 4368 352 4431 detexisse
377 4371 433 4432 sibi
457 4372 518 4431 visa
543 4380 622 4451 sunt,
646 4379 786 4430 concocta
811 4388 844 4430 ea
867 4373 960 4449 magis
985 4373 1015 4429 in
1039 4370 1189 4431 hominnm
1213 4372 1294 4432 labo-
