3038 4934
620 279 834 342 ..11-

183 441 281 520 doque
305 441 422 502 excellit
445 449 534 520 atquo
558 441 663 502 deinde
693 461 729 501 ex
758 443 865 502 saturis
896 442 967 519 ipsis
992 459 1040 500 res
1065 439 1298 511 memorabiles,

184 539 271 618 elegit
290 547 320 600 et
338 542 448 618 passim
467 541 497 600 in
512 541 644 617 margine
664 541 806 599 enotavit:
831 532 882 621 (cl.
904 557 968 617 pag.
994 536 1036 598 20
1052 533 1142 620 seq.);
1170 540 1273 599 eadem

182 655 288 698 manus
311 639 341 696 in
366 639 497 718 margine
523 639 677 715 superiore
702 640 819 697 nomina
844 637 992 716 praefixit:

344 783 468 841 Persius

344 879 497 938 quenalis
521 879 603 936 etin
628 877 720 938 altero
743 879 850 958 angulo
874 881 1004 938 mathias
1027 877 1114 936 tuot

183 979 232 1036 cui
256 984 342 1036 notae
368 975 421 1034 alia
446 993 550 1035 manus
570 993 645 1035 saec.
663 975 713 1034 XV
733 977 777 1057 rel
796 976 869 1055 XVI,
893 994 968 1054 quae
992 985 1094 1054 postea
1118 978 1148 1036 in
1172 976 1273 1036 codice

184 1092 243 1134 non
269 1074 400 1134 occurrit
423 1071 512 1133 verba
537 1073 670 1133 adiunxit
694 1077 721 1134 d.
742 1079 883 1152 dpouysii
902 1073 989 1150 sesto.
1035 1076 1151 1134 iamiam
1172 1092 1274 1134 ornnes

184 1172 273 1232 herlus
296 1174 419 1250 paginae
444 1179 528 1231 notas
552 1170 776 1232 exhauserimus
800 1171 885 1231 allato
911 1189 1034 1231 nurnero
1059 1242 1062 1247 ⁴

185 1375 274 1444 atque
299 1367 506 1443 inscriptione,
536 1385 610 1444 quae
635 1367 759 1426 fortasse
784 1366 820 1427 ab
843 1370 937 1447 ipsius
956 1367 1071 1428 Pithoei
1095 1385 1183 1426 manu
1207 1385 1274 1446 pro-

185 1465 261 1523 lecta
284 1471 329 1523 est
353 1458 403 1546 (ol.
426 1482 491 1543 pag.
511 1457 577 1547 21.)

499 1564 549 1622 Eu
572 1562 674 1623 Libris
839 1565 964 1637 tollenti·

503 1662 641 1721 Oratorii
840 1661 996 1721 Treceusis

185 1759 235 1817 oui
263 1756 430 1836 subscripta
458 1767 504 1818 est
533 1760 662 1818 nominis
694 1758 847 1818 cuiusdam
882 1766 963 1834 nota,
998 1776 1085 1835 quam
1119 1756 1275 1818 enucleare

185 1873 314 1934 neque03
343 1864 438 1935 certe,
467 1874 534 1914 curn
558 1855 580 1914 P
605 1864 634 1916 et
658 1865 670 1915 t
693 1855 809 1915 litterae
839 1857 924 1933 quasi
947 1857 977 1914 in
1002 1856 1200 1934 semetipsas
1224 1856 1276 1913 irn-

184 1952 307 2031 plicatae
333 1954 361 2012 in
387 1971 419 2011 ea
445 1951 530 2012 lacile
553 1962 771 2031 cognoscantur
791 1955 891 2013 nescio
911 1972 946 2012 an
968 1962 1048 2014 recte
1068 1953 1103 2013 ad
1118 1953 1276 2013 Pithoeum

143 2052 145 2057 ’
185 2050 340 2110 reserenda
364 2052 411 2111 sit.

275 2148 332 2208 Sed
357 2150 413 2208 iain
439 2148 507 2208 lolio
529 2147 564 2209 1v
584 2169 688 2210 rnanus
708 2149 818 2209 saeculi
839 2151 908 2208 noni
928 2149 1092 2227 prologum,
1116 2147 1184 2207 dein
1208 2147 1276 2207 inde

185 2265 199 2305 a
226 2245 272 2306 lol.
299 2243 432 2306 2l--13r
456 2254 571 2306 saturas
595 2247 704 2327 Persii,
733 2247 800 2306 inde
831 2267 845 2305 a
875 2247 943 2306 solio
972 2243 1026 2306 13V
1050 2263 1144 2324 usque
1169 2245 1204 2304 ad
1229 2243 1277 2304 lol.

187 2341 243 2404 tur
267 2363 371 2405 versus
395 2345 539 2405 luvenalis
564 2339 784 2426 conscripsit.¹)
822 2347 918 2405 otnnia
944 2343 1067 2404 luriusoc
1091 2346 1184 2423 partis
1209 2343 1277 2403 lolia

185 2452 325 2502 accurato
349 2443 496 2503 linearum
520 2443 669 2504 schemate
693 2446 839 2503 instructa
863 2452 934 2503 sunt
962 2445 1015 2523 ita,
1046 2450 1077 2501 ut
1102 2459 1277 2519 tirraquaque

187 2540 291 2618 pagina
311 2539 406 2599 media
428 2548 525 2600 textus
544 2558 649 2600 versus
673 2542 823 2601 contineat
843 2537 894 2621 29,
918 2543 948 2599 in
969 2542 1088 2599 sinistro
1114 2539 1277 2617 dextroque

188 2639 320 2715 margine
341 2640 468 2713 spatium
483 2634 504 2698 5
519 2656 574 2698 orn.
590 2637 726 2698 relictum
747 2633 924 2716 schemaque
939 2638 1083 2698 linearum
1099 2639 1277 2716 impressum

188 2736 226 2794 sit
246 2734 366 2794 scholiis
381 2735 588 2816 adpingendis3
614 2737 700 2795 etiam
722 2734 775 2795 liae
800 2735 894 2795 lineae
918 2735 1081 2814 aequaliter
1100 2737 1130 2794 iu
1151 2743 1277 2811 utroque

187 2832 279 2893 latere
303 2833 425 2914 distant,
455 2834 507 2894 sed
531 2833 624 2893 mirlto
650 2836 742 2911 nragis
766 2833 917 2893 consertae
942 2841 1024 2913 sunt,
1049 2842 1082 2893 ut
1104 2831 1173 2892 inde
1198 2839 1278 2893 totus
1348 2850 1356 2863 ·

100 2976 109 2985 .
187 2930 305 2992 habitus
330 2931 495 2992 litterarum
519 2931 612 2992 multo
638 2931 775 2993 subtilior
800 2930 895 2991 lactus
920 2933 959 2992 sit
982 2926 1033 3012 (cl.
1057 2949 1120 3011 pag.
1142 2926 1207 3012 13).

276 3030 361 3100 Quod
376 3029 530 3090 'linearum
556 3030 674 3090 schema
703 3033 812 3091 imitari
836 3029 951 3090 studuit
974 3029 1113 3089 librarius
1136 3028 1198 3110 ille,
1228 3032 1279 3108 qui

187 3135 306 3188 centum
336 3129 399 3188 lere
428 3130 512 3188 annis
541 3136 610 3207 post
637 3129 711 3188 duas
739 3131 812 3189 vitas
836 3120 1014 3210 luvenalisl)
1037 3127 1143 3206 glossis
1172 3129 1278 3205 margi·

188 3225 302 3285 nalibus
335 3235 364 3286 et
392 3225 635 3287 interlinearibus
668 3229 829 3287 instructas
862 3229 893 3287 in
926 3228 984 3287 tine
1018 3225 1130 3287 codicis
1163 3226 1278 3286 adiecit.

189 3321 292 3381 loliurn
316 3325 395 3383 enirn
421 3321 491 3386 80111
514 3327 545 3384 in
574 3343 632 3403 [quo
662 3323 717 3384 hae
741 3328 816 3384 vitae
840 3325 979 3403 leguntur
1003 3333 1049 3384 cst
1073 3323 1150 3402 quod
1175 3331 1280 3383 vocant

189 3420 350 3500 singulare,
384 3430 486 3499 postea
516 3422 634 3482 domum
659 3422 772 3482 decimo
803 3423 992 3501 quaternioni
1020 3421 1157 3481 adsutum
1187 3420 1279 3480 nulla·

190 3536 248 3595 que
282 3519 395 3578 ratione
429 3536 496 3578 cum
530 3521 735 3596 antiquissima
767 3528 850 3600 parte
885 3519 953 3578 libri
988 3511 1052 3599 (sol.
1080 3518 1112 3596 d,
1143 3515 1279 3599 1-79ll

191 3622 220 3674 et
254 3613 330 3674 bona
364 3635 438 3694 quae
466 3619 496 3676 in
526 3634 559 3675 ea
588 3617 696 3695 legitur
729 3629 758 3678 et
789 3635 930 3677 versuum
962 3625 992 3677 et
1021 3616 1200 3676 scholiorurn
1235 3634 1279 3675 re-

282 3807 306 3874 1)
326 3804 363 3858 Et
382 3804 489 3858 dehac
508 3821 594 3858 manu
613 3806 642 3859 et
661 3806 695 3859 de
711 3805 775 3860 aliis
795 3824 867 3875 quae
886 3806 916 3859 in
930 3805 1019 3860 Persii
1039 3807 1123 3874 atque
1139 3804 1280 3859 Iuvenalis

193 3883 296 3938 saturis
315 3886 501 3938 versabantur
520 3885 679 3940 accuratius
698 3885 849 3956 disputabo
868 3905 931 3957 pag.
954 3893 985 3940 16
997 3904 1036 3954 sq.
1100 3890 1127 3954 2)
1151 3885 1280 3953 Namque

189 3982 246 4019 non
266 3965 355 4019 solum
375 3965 485 4035 prima
503 3965 570 4033 vita,
591 3983 663 4033 quae
683 3966 757 4036 apud
776 3967 847 4020 lahn
865 3967 970 4036 legitur
989 3969 1026 4036 (p.
1042 3969 1106 4034 386)
1126 3965 1176 4018 sed
1195 3964 1280 4018 etiam

192 4045 250 4099 alia
267 4045 321 4099 hoo
340 4045 402 4100 loeo
423 4044 539 4114 adpicta
558 4049 609 4114 est,
629 4063 701 4114 quae
721 4064 784 4101 oum
802 4047 910 4102 tertia
925 4065 942 4102 a
956 4046 1054 4101 Iahnio
1075 4045 1164 4099 allata
1183 4043 1279 4098 simili-

190 4125 289 4179 tudine
304 4126 428 4194 quadam
443 4122 615 4192 continetur3
635 4125 730 4180 differt
749 4129 844 4182 autem
862 4127 932 4183 loeis
951 4126 1007 4180 his:
1027 4144 1067 4180 vs.
1080 4132 1093 4178 1
1108 4125 1281 4196 Aequiculis,

190 4208 222 4261 de
232 4208 345 4277 Aquino
360 4206 435 4277 (sio);
451 4212 518 4261 vet
532 4208 630 4276 ferrrie;
645 4226 684 4261 vs.
696 4214 712 4262 5
727 4214 818 4264 iuceus
832 4211 866 4263 ub
885 4210 1076 4279 ioidipuatioue
1090 4208 1176 4277 coepit
1190 4207 1281 4262 diceus

190 4287 298 4359 Semper
312 4305 359 4359 eqo
373 4289 485 4343 auditor
499 4294 606 4342 tuuturu
619 4286 684 4356 fecit
695 4330 700 4343 .
710 4331 716 4344 .
726 4331 731 4344 .
742 4311 763 4356 .;
777 4305 816 4342 vs.
829 4294 844 4342 6
855 4288 983 4356 temporis
992 4286 1086 4350 om.P;
1100 4302 1140 4340 vs.
1153 4287 1282 4355 'lipsius;

190 4384 229 4421 vs.
250 4374 266 4423 8
284 4370 324 4423 sie
341 4369 514 4438 subobteutus.
532 4369 641 4424 taudem
659 4401 694 4408 -
712 4369 814 4424 uideret
832 4384 884 4421 om.
900 4366 929 4420 P.
