3038 4934
650 275 856 338 -40-

203 444 305 502 nitatis
334 458 392 500 una
425 459 493 501 cum
526 442 599 499 vitae
630 433 838 518 testimoniis¹)
868 440 898 497 in
933 436 1091 497 uberrimis
1122 437 1184 495 suis
1217 453 1299 495 com·

204 541 356 600 mentariis
381 538 506 599 contulit
531 540 663 598 Ioannes
682 539 795 613 Mapor
819 532 976 616 (Thirteen
996 535 1101 593 satires
1125 534 1158 592 ol
1177 531 1301 592 luvenal

204 636 326 697 London
349 632 510 716 teutpert
529 655 556 714 p.
571 629 689 718 lllss.);
718 653 792 713 quos
821 634 902 693 locos
931 640 1055 692 cunctos
1082 631 1131 690 hic
1160 639 1300 710 repetere

205 734 250 794 vel
273 733 339 794 ideo
364 733 549 813 superfluum
569 751 633 792 esse
653 733 788 811 iudicavi,
813 732 950 810 quoniam
972 730 1179 790 testimonia
1204 747 1300 807 paene
1344 765 1350 782 .

204 834 302 892 omnia
335 831 369 891 ad
401 830 659 908 interpolatam
698 832 950 889 recensionem
986 827 1109 887 redire
1144 834 1302 886 constat'

205 948 306 990 rerum
331 937 364 989 ut
388 928 459 988 illud
480 927 713 987 Marellinianmn
734 927 876 1006 locusque
898 926 990 986 Rutili
1009 925 1111 986 Claudi
1131 924 1298 984 Namatiaui

206 1028 423 1106 vulgatissimus
437 1021 462 1107 2)
501 1029 540 1086 ita
577 1024 666 1085 verba
704 1024 739 1083 ab
773 1024 951 1103 Hieronymo
990 1023 1154 1101 Augustino
1193 1021 1300 1081 Servio

205 1128 330 1187 Maximo
354 1124 505 1185 Victorino
525 1124 668 1202 Aegrocio
688 1122 840 1183 Lactantio
861 1141 896 1182 ex
917 1122 1025 1182 saturis
1045 1119 1128 1180 allata
1149 1121 1297 1200 imprimis

206 1224 323 1285 saeculo
347 1244 373 1303 p.
394 1222 462 1282 Chr.
483 1241 510 1281 u.
530 1230 635 1299 (priario
664 1229 693 1281 et
717 1223 838 1280 ineunte
867 1220 971 1300 quinto
996 1217 1163 1278 iuvenalem
1192 1228 1298 1279 notum

206 1324 296 1382 luisse
317 1330 347 1380 et
366 1312 545 1402 placuisset)
571 1319 775 1379 demonstrant
793 1318 998 1395 acceduntque
1020 1326 1110 1377 testes
1131 1318 1299 1394 gravissimi

206 1420 323 1498 Maporo
339 1418 755 1497 quoquetgnotinusonius
770 1426 970 1494 auctorque
983 1414 1130 1486 Queroli
1147 1413 1301 1495 tabulae,

207 1536 334 1597 quorum
362 1517 492 1595 priorem
522 1533 624 1574 versus
648 1513 851 1575 luvenalianos
880 1513 1021 1573 Imitando
1050 1515 1232 1592 expressisse
1263 1532 1298 1572 ex

206 1616 367 1695 praestanti
382 1613 479 1673 indice
494 1612 708 1673 Schenheliano
724 1621 853 1692 apparet,
869 1611 953 1671 alteri
964 1610 1130 1671 iuvenalem
1146 1613 1301 1689 cognitum

206 1715 299 1774 fuisse
319 1711 415 1772 adhue
434 1712 533 1771 minus
548 1711 709 1793 constabat,
730 1713 819 1771 certis
839 1727 908 1769 vero
927 1708 1045 1768 indiciis
1064 1707 1206 1787 probasse
1226 1708 1300 1768 mihi

206 1810 323 1870 videtur
337 1808 483 1869 Ernestus
497 1808 711 1888 lluellenbaoh,
726 1808 833 1869 sodalis
848 1798 1152 1889 coniunctissimrrs.4)
1186 1805 1300 1865 Eodem

297 1947 322 2011 1)
342 1943 470 1997 Accessit
486 1962 576 2012 nuper
594 1944 694 1998 titulus
714 1945 749 1998 de
769 1960 824 2012 quo
843 1942 914 1996 mihi
928 1941 1062 1996 notitiam
1080 1943 1193 1994 tantum
1212 1957 1300 1995 annu

206 2023 281 2078 libus
302 2024 410 2079 ‘Ranae
428 2026 460 2078 dc
480 2025 641 2095 plcitoiopie'
664 2025 781 2078 allatam
805 2041 864 2077 esse
889 2039 973 2091 aegre
996 2022 1069 2076 iero:
1095 2021 1200 2090 legitur
1223 2021 1301 2074 enim

205 2102 247 2156 ibi
265 2108 354 2170 (1884.
369 2120 396 2171 p.
407 2105 470 2172 219)
487 2104 628 2157 ‘Bullatin
641 2106 758 2158 anennual
772 2105 804 2158 de
820 2106 847 2158 ia
858 2104 977 2158 Facutie'
989 2104 1021 2156 cte
1036 2104 1124 2157 lettres
1139 2103 1171 2156 dc
1180 2103 1302 2157 Paitiers

206 2188 278 2237 1883
297 2183 375 2250 Mai,
398 2184 468 2238 Note
487 2201 561 2253 pour
583 2185 669 2238 seruit·
691 2184 709 2236 d
731 2201 784 2238 unc
808 2184 965 2254 bioprapbie
988 2184 1020 2237 de
1043 2184 1159 2237 Iaue'nat
1182 2183 1301 2254 [Httaj.

207 2265 341 2317 L’aateur
358 2270 461 2318 amatre
484 2282 533 2333 quc
552 2266 607 2318 i’on
621 2265 701 2332 parte
719 2266 857 2334 beaucoup
880 2267 912 2319 dc
930 2265 1047 2319 Iacerent
1070 2270 1095 2317 et
1117 2265 1198 2332 pu’on
1220 2281 1254 2316 ne
1278 2265 1303 2318 le

206 2345 319 2398 connait
331 2346 412 2413 putre
427 2346 596 2414 s’appupant
609 2361 657 2399 sur
680 2363 733 2399 uice
751 2347 916 2415 inscription
934 2345 1069 2399 recueillic
1084 2362 1140 2413 par
1150 2344 1303 2398 Mommsen

206 2425 276 2478 ntais
290 2441 346 2492 peu
365 2426 527 2492 rentarpae'e,
545 2426 567 2477 a
581 2426 676 2478 e'tabtit
690 2443 739 2495 pne
753 2426 869 2480 quermt
883 2426 950 2478 c'tait
963 2425 1036 2478 riche
1050 2431 1075 2478 et
1089 2425 1190 2477 correbte'
1207 2424 1301 2477 d'hon-

206 2521 303 2572 neurs,·
316 2505 339 2556 a
352 2505 454 2557 discute
468 2505 514 2558 des
524 2507 619 2573 points
632 2507 796 2575 irrepartants
810 2513 835 2560 et
848 2507 930 2560 retiae
944 2506 989 2559 des
1003 2522 1109 2559 erreurs
1117 2506 1135 2571 '‚
1154 2507 1304 2573 praeterea

207 2602 318 2654 quoque
341 2587 410 2638 nota
432 2583 561 2638 landolfi
585 2585 700 2655 Saganis
726 2586 963 2656 (additamentum
988 2585 1023 2638 ad
1047 2583 1129 2638 Pauli
1152 2584 1303 2639 historiam

207 2666 364 2719 Romanam
383 2664 426 2718 ed.
442 2663 568 2732 Droysen
582 2665 655 2720 Mon.
672 2668 763 2721 Germ.
778 2666 804 2718 Π
819 2671 879 2730 302,
896 2671 954 2729 38)ε
974 2667 1057 2719 buius
1075 2667 1201 2734 temporis
1215 2667 1302 2734 polte-

208 2749 274 2801 bant
287 2747 390 2800 Rornae
405 2751 482 2814 poete
496 2746 628 2800 Lucanus
646 2750 753 2802 satirici
766 2747 907 2801 quenalis
925 2752 951 2800 et
964 2746 1076 2799 Persius
1091 2745 1254 2814 Senecasque
1269 2749 1305 2815 (t)

208 2829 330 2897 trapicus
349 2827 497 2880 Musonius
516 2832 596 2895 atque
614 2827 783 2882 Plutarchus
798 2828 962 2896 philosophi.
1035 2829 1062 2894 2)
1082 2825 1160 2879 1603
1172 2843 1212 2892 sq.

421 2915 517 2969 Huius
535 2917 675 2983 vulnificis
693 2924 790 2971 satura
809 2918 916 2970 ludente
938 2914 1062 2968 Camenis

420 3010 469 3046 uec
490 2995 600 3047 Taunus
615 2999 708 3063 potior
726 3014 774 3048 nec
792 2996 933 3048 nicenam·
951 2996 1010 3047 erit.

208 3077 235 3141 3)
256 3071 476 3125 Dracontianam
494 3071 635 3125 luvenalis
659 3073 848 3127 imitationem
869 3073 965 3126 docuit
983 3073 1139 3127 Buecheler
1157 3073 1228 3130 Mus.
1247 3073 1301 3127 Ith.

208 3153 457 3220 xxviiipasch
470 3156 502 3204 85
518 3151 548 3203 in
563 3152 757 3207 satisfactione
770 3160 815 3220 15;
830 3153 871 3205 ΠΙ
881 3160 935 3218 213,
943 3153 973 3206 in
986 3153 1118 3207 laudibus
1130 3154 1176 3208 dei
1185 3155 1224 3207 Ill
1236 3162 1302 3219 3⁷63

209 3234 234 3286 Χ
257 3237 308 3286 356
332 3230 439 3285 ibidem
462 3231 502 3282 ill
526 3235 600 3300 673).
622 3263 653 3271 -
674 3232 714 3286 of.
736 3232 822 3286 etiam
845 3233 996 3286 Ennodii
1023 3234 1111 3302 praef.
1136 3251 1220 3288 carm.
1244 3235 1265 3302 Ι,
1287 3242 1301 3289 7

209 3318 283 3383 (pag.
300 3318 360 3378 524,
375 3318 407 3366 10
427 3312 469 3366 ed.
484 3310 616 3380 Hartelii)
639 3314 691 3367 ‘ad
707 3313 875 3368 Camenatcnt
889 3322 978 3368 tanton
996 3317 1185 3384 ipnominiam
1204 3317 1303 3384 quibus

208 3412 357 3464 nuncqucm
378 3394 548 3448 Giuuidenus
567 3395 638 3448 deest
655 3411 747 3449 uersus
770 3395 860 3449 adieci
883 3403 907 3450 et
927 3397 1068 3465 periturae
1090 3402 1122 3449 ut
1144 3396 1304 3450 dictumest

210 3482 301 3528 cartae
328 3492 384 3530 nme
403 3477 514 3544 peperci
521 3475 528 3499 ’
559 3491 622 3526 cum
645 3474 701 3529 luv.
727 3478 779 3530 sat.
799 3476 811 3527 Ι
833 3480 864 3528 18
889 3478 918 3529 et
941 3482 975 3530 80
999 3475 1034 3528 de
1063 3492 1119 3542 qua
1141 3475 1303 3531 imitatione

210 3555 275 3608 vide
303 3571 375 3623 quae
403 3553 533 3607 Ribbeck
561 3553 718 3622 disputavit
741 3556 811 3610 Mus.
832 3556 884 3610 Rh.
910 3554 1027 3607 XXXIX
1052 3560 1112 3609 315.
1216 3560 1244 3626 4)
1270 3558 1303 3610 ln

211 3634 345 3702 opusculo
377 3636 501 3688 nondum
532 3634 611 3704 prelo
644 3635 805 3703 commisso,
838 3635 883 3689 cui
911 3633 1076 3702 inscriptum
1106 3639 1149 3690 est
1178 3637 1303 3707 ‘Quanti

209 3714 307 3780 sabula
330 3717 439 3783 picando
462 3722 487 3768 et
509 3717 558 3769 ubi
579 3717 682 3784 scripta
705 3717 760 3771 sit’
803 3715 894 3768 minus
919 3713 1033 3781 quidem
1055 3717 1151 3770 valent
1174 3717 1303 3786 exempla

210 3791 295 3861 vulgo
327 3792 440 3860 prolata
473 3809 546 3861 quae
579 3811 641 3846 cum
673 3795 799 3849 versibus
833 3793 974 3848 Iuvenalis
1009 3796 1188 3850 conferantur
1223 3798 1302 3851 velut

212 3875 293 3938 Quor.
317 3878 358 3925 13.
383 3879 414 3925 13
438 3871 492 3939 (ad.
512 3871 623 3942 Peiper)
649 3877 721 3930 iliud
749 3891 863 3946 prorsus
892 3891 948 3929 non
974 3876 1032 3943 soro
1060 3879 1132 3946 qaod
1157 3880 1303 3932 temeritati

210 3970 287 4007 nemo
305 3954 422 4023 ipnoscit
440 3970 523 4022 neque
542 3956 670 4022 cuiquam
687 3963 719 4010 ut
737 3958 854 4025 aliquem
868 3957 942 4009 dicat
960 3975 1115 4026 paauperem,
1135 3958 1240 4013 luv.lll
1252 3964 1302 4011 152

211 4037 252 4090 nil
266 4037 345 4090 habet
358 4033 458 4100 inscita
469 4042 621 4102 parapectus
635 4038 733 4091 durius
746 4039 778 4089 in
793 4053 829 4103 se,
850 4035 938 4105 Quaen
952 4040 1024 4105 parad
1038 4039 1169 4093 ridiculos
1182 4041 1303 4093 ltorrn'nes

211 4113 287 4180 facit.
316 4111 362 4166 vel
374 4111 455 4178 Quor.
470 4118 512 4178 32,
530 4119 562 4165 14
579 4114 691 4184 Dipitos
705 4117 742 4168 ad
756 4119 890 4185 praedam
908 4125 1045 4172 eaacuimt
1063 4121 1153 4173 curuis
1172 4121 1304 4174 timendos

211 4196 351 4263 unpuibns
370 4195 398 4247 et
416 4194 473 4246 lun.
493 4192 558 4246 Vlll
581 4200 628 4247 129
639 4211 678 4260 sq.
699 4201 724 4248 et
745 4204 844 4251 cuncta
858 4216 909 4266 per
927 4201 1030 4269 oppida
1052 4201 1142 4253 curnis
1164 4201 1303 4271 tmpuibus

212 4274 252 4328 ire
267 4281 360 4342 parat.
397 4274 454 4327 iam
473 4273 573 4326 melius
593 4273 718 4327 adfertur
737 4274 817 4339 Qasr.
837 4281 879 4343 to,
899 4284 915 4330 4
935 4279 1001 4346 ptus
1026 4283 1064 4331 est
1085 4279 1134 4332 hoc
1156 4297 1238 4350 quam
1256 4281 1302 4334 bo-

212 4354 311 4408 minem
325 4356 478 4424 perdidisse
491 4355 620 4409 claternam
642 4371 701 4409 cero
716 4355 863 4424 ptanpitnr
881 4357 917 4409 ad
931 4357 988 4411 inv.
1003 4356 1068 4409 Xlll
1081 4364 1131 4412 130
1142 4376 1182 4426 sq.
1201 4361 1303 4415 maiore
