3038 4934
725 298 939 362 -74-

288 471 347 524 tam
373 463 500 525 voluisse
528 462 662 523 dicentes
686 469 719 522 ut
742 479 822 521 arma
846 463 931 522 victis
954 462 1136 541 auferantur,
1159 460 1207 521 aiii
1231 464 1380 522 contraria

286 571 441 640 ponentes.
488 561 559 621 mibi
594 560 731 638 equidem
759 558 816 619 loci
845 560 1048 619 condicionem
1076 561 1185 620 iterum
1209 561 1380 638 iterumque

286 677 402 720 mecum
436 659 579 719 volutanti
610 658 656 717 vel
686 659 811 717 maxime
845 656 998 736 probabile
1027 658 1122 717 visum
1151 666 1197 717 est
1219 657 1288 717 huic
1311 656 1379 716 loco

286 757 408 817 eandem
437 757 559 818 subesse
588 758 765 816 sententiam
794 763 882 834 atque
906 755 1004 815 divino
1028 757 1152 814 carmini
1175 764 1276 815 nostro
1301 750 1380 816 ‘Ber

288 857 357 916 Gott
380 858 435 916 der
453 856 545 916 Ee'sen
564 856 707 915 westser
731 858 800 915 ltess
819 857 875 915 der
893 855 992 912 wolde
1010 853 1099 912 lcee'ee
1118 849 1276 914 Remitte?
1308 853 1379 913 bor·

286 961 364 1013 tatur
383 959 470 1031 poeta
489 971 527 1012 ne
550 953 668 1011 iniuriis
692 954 805 1031 magnis
829 950 919 1010 illatis
939 949 1034 1009 diram
1052 948 1196 1009 ultionem
1215 961 1379 1030 provocent

285 1050 418 1131 Romani,
443 1052 494 1129 qui
518 1051 650 1128 quamvis
674 1067 761 1109 omne
785 1066 890 1110 aurum
915 1057 1002 1125 atque
1026 1056 1181 1125 argentum
1205 1047 1380 1109 devexerint

286 1166 366 1208 arma
398 1147 517 1208 demere
551 1166 611 1207 non
646 1149 777 1227 possint,
808 1145 935 1206 sortibus
963 1143 1140 1222 relinquant.
1178 1163 1235 1224 qua
1263 1148 1380 1207 ratione

286 1245 487 1309 commendari
519 1254 550 1306 et
577 1249 730 1320 relinques
761 1254 791 1306 et
818 1247 974 1319 relinques
1005 1244 1196 1322 perspicuum
1225 1251 1271 1304 est
1293 1263 1379 1324 prae-

286 1343 377 1404 feram
401 1343 476 1405 hanc
500 1344 658 1404 lectionem
682 1353 711 1404 et
734 1362 750 1403 a
770 1343 789 1402 S
814 1351 849 1403 et
872 1341 1106 1402 aPithoeano
1131 1349 1284 1423 servatam,
1309 1361 1379 1403 cnm

285 1441 390 1501 modus
418 1441 586 1520 potentialis
614 1441 690 1501 bene
717 1442 814 1501 animo
837 1448 942 1520 poetae
966 1447 1113 1500 commoto
1137 1442 1282 1519 anxioque
1306 1460 1377 1501 con·

286 1541 393 1619 veniat,
417 1546 484 1618 apte
508 1541 596 1599 etiam
616 1537 752 1599 traducat
776 1539 810 1598 ad
834 1554 953 1597 versum
981 1533 1098 1598 11411
1118 1536 1255 1598 omnibus
1274 1556 1379 1599 recen·

286 1635 411 1698 tionibus
440 1636 524 1696 obelo
554 1644 701 1717 notatum,
734 1637 785 1714 qui
813 1634 931 1714 quidem
963 1635 1066 1695 deesse
1094 1643 1206 1716 potest,
1232 1655 1379 1698 summam

284 1753 354 1794 vero
378 1736 483 1796 moniti
506 1736 622 1795 iamiam
647 1737 765 1814 gravius
784 1736 923 1814 expressi
947 1751 1007 1792 non
1032 1735 1132 1813 inepte
1156 1736 1186 1794 in
1210 1735 1268 1795 fine
1288 1735 1377 1796 eollo-

284 1841 378 1893 catam
403 1832 530 1893 exhibet,

179 1976 226 2011 vm
239 1978 270 2011 162
371 1953 436 2013 Vili
458 1952 520 2016 162
611 1963 640 2017 et
663 1960 855 2018 camoenali
881 1957 1007 2033 Opone
1028 1959 1187 2017 succincte
1211 1961 1331 2033 111111.

282 2078 463 2140 Pithoeanus
498 2080 578 2141 ciere
611 2080 734 2159 praebet
771 2082 890 2158 Opertis.
925 2080 961 2140 ei.
996 2079 1069 2141 Cib
1097 2080 1133 2141 tv
1163 2077 1248 2142 tete
1280 2083 1378 2144 Ainos

281 2175 445 2256 Κ[υ]11ίς
468 2170 582 2259 Κόραξ
606 2178 673 2239 κτλ.

208 2325 271 2359 xxo
370 2301 410 2361 IX
429 2297 472 2363 40
632 2308 785 2379 compareat
808 2321 851 2363 ee
874 2320 930 2363 eeu
954 2309 990 2363 et.

282 2445 325 2486 ee
348 2434 377 2486 et
399 2427 430 2485 in
455 2426 477 2485 P
502 2433 532 2486 et
554 2428 584 2486 in
605 2426 625 2486 S
649 2428 777 2487 inveniri
795 2426 868 2486 iabn
888 2427 990 2508 refert,
1013 2434 1108 2489 exstat
1127 2446 1197 2488 vero
1216 2430 1247 2489 in
1266 2437 1377 2490 neutro

282 2531 358 2585 teste
389 2542 456 2584 cum
485 2523 666 2586 Pithoeanus
697 2544 713 2585 a
743 2527 838 2604 prima
868 2543 957 2584 manu
988 2543 1057 2586 curn
1085 2533 1177 2604 putot
1194 2520 1226 2607 ss)
1244 2521 1279 2606 ss!
1296 2522 1330 2607 (ll
1345 2523 1381 2608 ss!

282 2624 485 2702 conscriptum
508 2622 650 2702 praebeat
673 2618 717 2703 (in
741 2640 845 2683 rasura
868 2621 959 2682 altera
983 2640 1087 2682 manns
1111 2630 1376 2703 1111111111-

280 2714 385 2801 plevit)
409 2722 440 2779 in
469 2719 580 2779 scholio
610 2737 680 2779 vero
707 2719 936 2779 CVMPVTAT
950 2724 1009 2793 fiet
1031 2725 1213 2798 computatio
1240 2722 1381 2783 CEVET

280 2821 378 2878 criset
400 2816 524 2896 legatur.
562 2836 597 2877 ex
620 2816 667 2877 his
690 2819 868 2878 testimoniis
892 2819 1031 2896 quoniam
1052 2818 1121 2896 quid
1141 2817 1219 2879 bona
1237 2823 1375 2880 recensio

281 2915 450 2977 exhibuerit
489 2914 667 2976 concludere
700 2918 858 2994 nequimus
891 2916 1072 2992 refugiamus
1104 2934 1227 2977 necesse
1258 2925 1306 2978 est
1337 2918 1375 2978 ad

279 3012 371 3073 libros
394 3032 413 3091 g
436 3014 455 3073 b
480 3022 509 3075 et
531 3013 715 3094 praebentes.

217 3165 267 3198 121
368 3136 394 3196 X
413 3133 454 3198 21
494 3144 523 3198 et
537 3144 635 3197 metue
649 3140 692 3198 ud
705 3141 807 3197 tenent
822 3139 991 3213 trepidabis
1007 3140 1191 3199 herundinis
1209 3141 1372 3215 umbras,

280 3260 322 3322 nil
353 3259 496 3342 impedire
535 3260 652 3323 videtur
690 3279 748 3339 qno
781 3261 878 3321 minus
912 3280 979 3322 cum
1011 3261 1173 3324 Pithoeano
1207 3262 1374 3326 scribamus

279 3359 439 3420 umbrone
463 3353 561 3419 ‘einen
587 3352 749 3419 Schatten'.

205 3512 267 3546 xes
368 3481 395 3542 X
416 3481 478 3546 189
524 3487 581 3546 boc
605 3490 708 3545 recto
732 3487 824 3563 vultu,
847 3487 942 3545 solum
964 3487 1022 3546 boe
1045 3492 1074 3546 et
1093 3487 1227 3562 pallidus
1250 3492 1345 3562 optes.

279 3599 315 3659 de
339 3598 430 3660 huius
452 3617 558 3661 versus
583 3600 733 3678 scriptura
756 3597 874 3677 qualem
893 3598 916 3658 P
937 3597 1057 3658 exhibet
1074 3601 1132 3659 iam
1151 3617 1240 3678 supra
1259 3599 1373 3662 dietum

281 3704 327 3758 est
349 3691 429 3775 (pag.
451 3691 510 3780 44)
534 3697 660 3776 legimus
685 3697 763 3756 enim
791 3699 822 3757 in
851 3696 925 3757 libro
950 3698 1061 3775 optimo
1091 3701 1151 3759 alto
1183 3704 1267 3758 recto
1288 3702 1373 3760 vultu

278 3812 375 3874 noque
406 3801 472 3854 utra
501 3814 557 3855 vox
586 3814 641 3874 pro
655 3795 913 3874 ‚interpolamento
937 3794 1073 3856 habenda
1097 3798 1135 3856 sit
1158 3794 1282 3856 dubium
1305 3814 1372 3859 esse

278 3899 376 3973 potest
404 3910 471 3953 etim
501 3891 579 3972 quod
608 3892 645 3952 Vi
664 3889 728 3952 401
758 3894 883 3973 legimus
911 3902 999 3956 reete
1024 3893 1109 3969 seete
1132 3897 1298 3974 comparari
1320 3914 1372 3956 ne-

279 3998 375 4073 queat,
399 3988 451 4051 ubi
474 3997 561 4052 reete
581 3985 693 4067 ‘rebe’p
713 3987 931 4054 ueoerwendt'
955 3998 1071 4052 vertere
1091 3991 1242 4075 debemus,
1266 3991 1373 4054 laetam

278 4108 349 4149 vero
373 4098 504 4149 mentem
527 4090 637 4167 opponi
661 4090 726 4148 voci
750 4084 913 4167 ‘petttdtts'
937 4089 994 4151 ioci
1022 4090 1156 4151 condicio
1184 4090 1295 4170 flagitat
1323 4094 1374 4152 cui

279 4194 360 4248 recte
380 4185 540 4266 respondet
556 4180 649 4245 ‘altus
671 4181 800 4267 vultus'3
820 4188 925 4248 iisdem
944 4188 1042 4248 verbis
1057 4207 1146 4249 sensu
1163 4189 1282 4267 quidem
1301 4207 1373 4267 pau·

279 4282 372 4345 lulum
392 4284 428 4344 ab
451 4285 508 4346 boc
530 4284 596 4345 loco
620 4284 778 4345 recedente
798 4284 937 4347 Horatius
958 4305 1030 4347 usus
1050 4294 1096 4347 est
1110 4285 1216 4359 (11.111
1230 4284 1261 4368 9,
1274 4282 1372 4366 tasq.

279 4382 381 4445 Iter'ce't
405 4387 467 4445 ulto
491 4387 571 4445 donet
594 4386 766 4445 nocentium
790 4387 872 4444 vultu
898 4393 992 4463 etqsq.
1358 4376 1361 4381 ’
