3038 4934
632 301 849 365 ..ss2-

194 483 252 525 non
277 462 458 542 probabilius
481 464 617 525 reddidit.
664 464 792 542 denique
817 462 916 544 Vogel,
941 473 973 525 ut
997 464 1105 525 litteris
1129 483 1145 525 a
1170 465 1288 527 Woelff-

194 563 254 622 lino
277 561 352 621 datis
376 560 499 621 edoctus
522 579 587 621 som
612 563 655 621 ad
676 564 748 620 inra
776 564 871 621 citari
898 564 1068 642 proposuit,
1102 563 1209 624 collato
1236 563 1287 624 illo

193 657 244 718 XV
266 653 359 718 135s.
375 661 525 735 pupillam
548 661 591 718 dd
613 661 684 719 iura
707 665 864 719 vocantem
891 661 1211 742 Circumscriptorem,
1233 663 1287 722 sed

193 756 270 836 quod
296 755 332 815 de
356 756 474 817 homine
498 758 528 815 in
555 758 604 816 ius
627 762 728 815 vocato
753 753 811 814 dici
839 765 938 835 potest
967 757 1045 817 idem
1071 761 1229 819 convenire
1254 762 1285 818 in

192 854 271 931 leges
295 855 397 913 citatas
426 852 506 912 nullo
534 862 619 932 pacto
644 853 813 925 concedam.
859 852 958 916 locum
986 853 1120 916 nondum
1148 864 1285 917 sanatum

193 969 258 1010 esse
281 958 362 1030 puto.

279 1056 305 1115 ll
326 1052 389 1118 105
408 1074 447 1116 ss.
661 1059 769 1116 summi
791 1059 963 1117 constantia
987 1061 1081 1125 ciris,

234 1156 411 1216 Bebriaci
433 1171 559 1230 campo
582 1156 708 1229 spoliem
732 1151 894 1228 adfectare
918 1156 1023 1217 Palati

234 1259 263 1312 et
279 1269 420 1331 pressum
444 1251 631 1328 infaciem
654 1252 757 1324 dinitis
780 1254 948 1312 extendere
966 1271 1079 1330 panem

189 1358 271 1420 locus
302 1376 318 1418 a
346 1357 448 1418 lahnio
481 1376 541 1417 non
573 1359 645 1418 satis
678 1366 816 1417 accurate
846 1365 1000 1420 tractatus.
1047 1369 1130 1421 reete
1163 1362 1284 1440 quidem

189 1455 359 1516 lemmatum
373 1456 529 1516 lectionem
545 1456 704 1515 Bebriacis
719 1458 834 1532 campis
849 1473 914 1515 esse
930 1456 1064 1539 adnotat,
1085 1458 1187 1518 eadem
1203 1478 1283 1540 vero,

189 1572 248 1613 non
259 1555 405 1615 Bebriaci
417 1570 523 1629 campo
537 1551 608 1631 legit
622 1553 712 1611 etiam
721 1554 861 1630 antiquus
871 1555 1022 1633 interpres
1034 1550 1105 1639 (ξ);
1116 1559 1282 1618 rectissime

189 1654 268 1713 enim
292 1654 322 1712 in
346 1650 457 1712 scholio
481 1659 616 1711 servatur
636 1648 714 1728 quod
734 1647 805 1727 PSg
824 1650 970 1729 praebent
993 1647 1180 1715 ‘Bebriacos
1203 1672 1281 1716 carn-

185 1744 256 1826 pos’
280 1747 383 1809 vocula
407 1747 487 1808 velut
510 1746 583 1808 dicit
607 1748 647 1807 ait
670 1754 755 1825 putat
777 1746 823 1806 vel
847 1749 937 1809 simili
961 1757 994 1810 ut
1018 1749 1086 1811 alibi
1109 1750 1188 1812 baud
1212 1771 1277 1814 raro

189 1850 304 1908 omissa.
350 1846 424 1907 male
449 1848 579 1906 correxit
602 1844 672 1905 lahn
697 1840 883 1906 ‘Bebriacns
906 1843 1061 1924 campus’,
1086 1848 1161 1909 male
1186 1854 1279 1930 scrip-

189 1954 285 2006 turam
310 1939 340 2005 Σ
365 1946 452 2005 eruit.
498 1960 600 2004 verum
625 1959 692 2002 cnm
721 1942 810 2000 etiam
838 1941 916 2003 inP
947 1939 995 2025 (ut
1022 1943 1135 2007 dudum
1166 1948 1282 2009 rettulit

188 2038 298 2125 Rueld)
322 2044 481 2103 Bebriacis
509 2044 622 2116 campis
646 2038 773 2121 legatur,
796 2041 869 2101 liaeo
898 2044 1047 2120 scriptura
1077 2045 1214 2106 omnibus
1245 2065 1282 2106 ex
1348 2117 1351 2119 ,

186 2140 321 2219 partibus
355 2140 490 2199 firmatur
522 2154 700 2217 quamquam
735 2140 861 2216 insignis
897 2148 943 2200 est
974 2140 1113 2203 adiectivi
1141 2144 1234 2203 lorma
1264 2162 1281 2203 a

187 2238 340 2299 Prisciano
373 2237 435 2298 solo
461 2230 577 2319 (1143)
607 2243 759 2315 praeterea
793 2245 943 2317 usurpata.
989 2241 1160 2318 insequenti
1191 2259 1280 2301 versu

186 2336 264 2398 baud
288 2339 328 2397 ita
348 2351 486 2413 pressum
510 2351 578 2394 cum
597 2336 628 2394 in
648 2331 762 2407 faciem
781 2335 1021 2414 coniungendam
1046 2338 1097 2398 sed
1117 2330 1282 2399 extendere

186 2433 221 2494 ad
246 2433 462 2495 substantivum
486 2430 676 2492 referendum
700 2448 766 2491 esse
789 2431 918 2511 ideoque
942 2437 1121 2513 scripturam
1146 2439 1178 2496 in
1194 2434 1282 2510 secie

186 2530 387 2593 commendari
409 2530 467 2589 iam
491 2528 563 2589 vidit
587 2528 743 2610 Heinriolr3
768 2529 883 2606 [aciem
910 2533 941 2592 in
969 2532 992 2591 P
1017 2536 1145 2594 inveniri
1173 2552 1284 2612 parum

186 2639 267 2691 recte
283 2631 421 2709 refertur,
440 2626 560 2688 exhibet
576 2623 692 2707 [artesii
704 2630 799 2706 spatio
820 2630 933 2689 minore
953 2647 1042 2708 quam
1063 2630 1141 2710 quod
1161 2630 1280 2692 litterae

185 2746 212 2789 rn
246 2729 419 2790 conveniret
451 2726 565 2788 relicto.
612 2725 682 2804 quid
714 2728 858 2807 seriptum
891 2728 983 2788 luerit
1014 2728 1145 2789 ostendit
1168 2727 1277 2789 Vindo-

185 2826 335 2907 bouonals,
351 2825 449 2902 saciet
464 2826 567 2900 dipitis
586 2822 735 2903 praebens
754 2824 852 2886 littera
871 2825 982 2886 dentali
1001 2829 1102 2888 neseio
1117 2846 1174 2906 qna
1190 2845 1279 2889 causa
1395 2869 1398 2875 -

184 2927 344 3003 gondoeno:
368 2942 438 3003 crgo
462 2926 493 2984 in
515 2921 602 2998 secie
625 2941 794 3003 germanam
819 2925 998 3002 scripturam
1022 2925 1138 2986 habeas.

275 3030 302 3091 ll
322 3027 385 3092 133
402 3048 445 3108 sq.
709 3024 862 3105 ‘osticium
885 3049 957 3091 cras

69 3087 88 3121 u
102 3091 171 3131 mm
226 3133 325 3209 arama
348 3131 410 3189 sole
433 3128 508 3189 mitri
525 3128 736 3202 diffidendum
761 3131 791 3188 ’ῃ
816 3131 912 3188 'mne
939 3127 1076 3202 Quirini,

273 3253 310 3314 Et
335 3252 356 3313 P
381 3261 410 3313 et
435 3249 454 3310 S
479 3248 617 3311 exhibere
642 3252 673 3311 in
696 3254 774 3312 velle
797 3256 872 3312 colle
900 3255 1023 3325 Quirini
1049 3272 1140 3333 supra
1166 3253 1216 3314 ubi
1239 3255 1277 3316 de

185 3355 272 3415 variis
301 3349 478 3413 lectionibus
502 3350 558 3409 iam
583 3347 657 3407 libro
677 3347 700 3407 X
719 3348 844 3428 adpietis
868 3352 915 3429 egi
938 3351 1123 3412 dictumest.
1161 3354 1275 3413 maiore

184 3452 303 3530 quldom
334 3447 539 3531 probabilitate
571 3447 770 3509 somniandari
800 3449 917 3510 videtur
947 3453 1039 3531 ealle,
1070 3449 1149 3528 quod
1181 3452 1227 3509 vix
1259 3470 1276 3511 a

184 3560 353 3610 correctore
368 3547 535 3629 proiectum
550 3556 608 3626 est3
623 3537 673 3625 (cl.
693 3544 776 3607 Ovid.
792 3546 868 3608 Fast.
884 3547 930 3628 IV,
944 3544 1009 3610 375
1025 3548 1070 3608 ed.
1082 3550 1149 3608 mai.
1161 3548 1277 3629 Merk.;

183 3644 253 3706 ibid.
273 3647 364 3726 prael.
384 3666 411 3726 p.
431 3639 557 3723 CXXX).

273 3751 297 3810 ll
319 3750 431 3813 149ss.
464 3752 538 3811 Esse
562 3753 679 3824 aliquos
702 3767 805 3813 martes
829 3759 859 3813 et
876 3755 1080 3814 subterranea
1104 3773 1201 3830 repna

232 3851 401 3929 Cocytum
425 3855 461 3909 et
483 3849 590 3927 Stypio
613 3867 709 3910 rimas
733 3852 763 3910 in
785 3853 910 3924 perdite
932 3854 1040 3926 niardo

227 3956 318 4025 atque
341 3966 403 4009 nne
428 3948 562 4007 transire
584 3949 695 4008 radant
719 3953 761 4008 tot
783 3951 866 4008 inilia
891 3951 999 4033 caniba

226 4061 284 4109 iaec
304 4048 396 4125 pueri
418 4045 549 4105 credant
572 4090 579 4104 .
604 4090 610 4106 .

73 3800 92 3832 11
105 3803 137 3834 llo
145 3811 170 3835 aa.

186 4174 329 4251 Cocytum
362 4178 392 4233 et
418 4167 489 4229 lahn
523 4167 614 4229 edidit
646 4171 676 4229 in
709 4180 837 4250 utroque
870 4173 947 4252 quod
981 4176 1093 4253 paravit
1125 4173 1273 4236 luvenalis

183 4272 331 4352 exemplo,
359 4270 455 4332 secuti
478 4276 548 4328 sunt
571 4265 704 4329 llibbeek
727 4267 869 4330 Weidner
893 4290 950 4331 una
974 4290 1067 4350 eaque
1091 4272 1162 4333 salis
1186 4277 1271 4335 tenui

182 4367 358 4450 liutprandi
388 4370 563 4430 auctoritate
592 4368 660 4446 nisi,
700 4369 752 4445 qui
781 4377 876 4446 antap.
901 4366 963 4431 V8
992 4370 1166 4431 noscarium
1197 4371 1269 4433 baec
