<?xml version="1.0" encoding="UTF-8"?>
<!DOCTYPE html PUBLIC "-//W3C//DTD XHTML 1.0 Transitional//EN"
    "http://www.w3.org/TR/xhtml1/DTD/xhtml1-transitional.dtd">
<html xmlns="http://www.w3.org/1999/xhtml" xml:lang="en" lang="en">
 <head>
  <title>
</title>
<meta http-equiv="Content-Type" content="text/html;charset=utf-8" />
  <meta name='ocr-system' content='tesseract 3.04.00' />
  <meta name='ocr-capabilities' content='ocr_page ocr_carea ocr_par ocr_line ocrx_word'/>
</head>
<body>
  <div class='ocr_page' id='page_1' title='image "./spicilegiumjuve00beergoog_0028.png"; bbox 0 0 3038 4934; ppageno 0'>
   <div class='ocr_carea' id='block_1_1' title="bbox 628 301 844 366">
    <p class='ocr_par' dir='ltr' id='par_1_1' title="bbox 628 301 844 366">
     <span class='ocr_line' id='line_1_1' title="bbox 628 301 844 366; baseline 0 -20"><span class='ocrx_word' id='word_1_1' title='bbox 628 301 844 366; x_wconf 71' lang='lat' dir='ltr'>-p3..</span> 
     </span>
    </p>
   </div>
   <div class='ocr_carea' id='block_1_2' title="bbox 153 461 1281 4170">
    <p class='ocr_par' dir='ltr' id='par_1_2' title="bbox 181 461 1281 1428">
     <span class='ocr_line' id='line_1_2' title="bbox 192 461 1279 545; baseline 0.001 -21"><span class='ocrx_word' id='word_1_2' title='bbox 192 486 232 526; x_wconf 90' lang='lat' dir='ltr'>vs.</span> <span class='ocrx_word' id='word_1_3' title='bbox 251 467 347 544; x_wconf 89' lang='lat' dir='ltr'>primo</span> <span class='ocrx_word' id='word_1_4' title='bbox 367 465 559 545; x_wconf 88' lang='lat' dir='ltr'>adscriptum,</span> <span class='ocrx_word' id='word_1_5' title='bbox 583 484 638 540; x_wconf 73' lang='lat' dir='ltr'>aaa</span> <span class='ocrx_word' id='word_1_6' title='bbox 663 484 702 526; x_wconf 88' lang='lat' dir='ltr'>vs.</span> <span class='ocrx_word' id='word_1_7' title='bbox 724 461 764 525; x_wconf 86' lang='lat'>13</span> <span class='ocrx_word' id='word_1_8' title='bbox 789 484 827 526; x_wconf 85' lang='lat' dir='ltr'>aa</span> <span class='ocrx_word' id='word_1_9' title='bbox 851 473 863 525; x_wconf 90' lang='lat' dir='ltr'>t</span> <span class='ocrx_word' id='word_1_10' title='bbox 882 473 911 526; x_wconf 87' lang='lat' dir='ltr'>et</span> <span class='ocrx_word' id='word_1_11' title='bbox 931 485 971 526; x_wconf 93' lang='lat' dir='ltr'>vs.</span> <span class='ocrx_word' id='word_1_12' title='bbox 986 463 1042 545; x_wconf 78' lang='lat'>213</span> <span class='ocrx_word' id='word_1_13' title='bbox 1067 483 1163 543; x_wconf 89' lang='lat' dir='ltr'>neque</span> <span class='ocrx_word' id='word_1_14' title='bbox 1179 484 1279 525; x_wconf 89' lang='lat' dir='ltr'>recen·</span> 
     </span>
     <span class='ocr_line' id='line_1_3' title="bbox 181 562 1280 643; baseline -0.003 -17"><span class='ocrx_word' id='word_1_15' title='bbox 181 568 265 627; x_wconf 77' lang='lat' dir='ltr'>tium</span> <span class='ocrx_word' id='word_1_16' title='bbox 294 565 330 624; x_wconf 91' lang='lat' dir='ltr'>de</span> <span class='ocrx_word' id='word_1_17' title='bbox 359 563 467 643; x_wconf 92' lang='lat' dir='ltr'>quibus</span> <span class='ocrx_word' id='word_1_18' title='bbox 497 565 711 642; x_wconf 75' lang='lat' dir='ltr'>disputavimus</span> <span class='ocrx_word' id='word_1_19' title='bbox 734 582 874 623; x_wconf 90' lang='lat' dir='ltr'>mannum</span> <span class='ocrx_word' id='word_1_20' title='bbox 899 565 1019 641; x_wconf 85' lang='lat' dir='ltr'>vestigia</span> <span class='ocrx_word' id='word_1_21' title='bbox 1044 565 1075 622; x_wconf 94' lang='lat' dir='ltr'>in</span> <span class='ocrx_word' id='word_1_22' title='bbox 1098 562 1152 622; x_wconf 90' lang='lat' dir='ltr'>bac</span> <span class='ocrx_word' id='word_1_23' title='bbox 1176 565 1280 641; x_wconf 78' lang='lat' dir='ltr'>pagina</span> 
     </span>
     <span class='ocr_line' id='line_1_4' title="bbox 191 655 1281 744; baseline -0.003 -20"><span class='ocrx_word' id='word_1_24' title='bbox 191 665 307 743; x_wconf 78' lang='lat' dir='ltr'><strong>desunt,</strong></span> <span class='ocrx_word' id='word_1_25' title='bbox 338 680 462 741; x_wconf 89' lang='lat' dir='ltr'>quarum</span> <span class='ocrx_word' id='word_1_26' title='bbox 486 664 568 741; x_wconf 87' lang='lat' dir='ltr'>prior</span> <span class='ocrx_word' id='word_1_27' title='bbox 592 655 643 744; x_wconf 90' lang='lat' dir='ltr'>(ad</span> <span class='ocrx_word' id='word_1_28' title='bbox 668 679 743 721; x_wconf 88' lang='lat' dir='ltr'>saec.</span> <span class='ocrx_word' id='word_1_29' title='bbox 763 660 812 720; x_wconf 92' lang='lat' dir='ltr'>XV</span> <span class='ocrx_word' id='word_1_30' title='bbox 837 655 941 744; x_wconf 86' lang='lat' dir='ltr'>relata)</span> <span class='ocrx_word' id='word_1_31' title='bbox 967 660 1085 721; x_wconf 81' lang='lat' dir='ltr'>vocirlas</span> <span class='ocrx_word' id='word_1_32' title='bbox 1109 662 1160 721; x_wconf 81' lang='lat' dir='ltr'>bic</span> <span class='ocrx_word' id='word_1_33' title='bbox 1184 665 1281 735; x_wconf 75' lang='lat' dir='ltr'>etepos</span> 
     </span>
     <span class='ocr_line' id='line_1_5' title="bbox 191 758 1281 838; baseline -0.004 -16"><span class='ocrx_word' id='word_1_34' title='bbox 191 782 227 822; x_wconf 84' lang='lat' dir='ltr'>ex</span> <span class='ocrx_word' id='word_1_35' title='bbox 258 780 346 822; x_wconf 89' lang='lat' dir='ltr'>versu</span> <span class='ocrx_word' id='word_1_36' title='bbox 374 760 466 821; x_wconf 88' lang='lat' dir='ltr'>altero</span> <span class='ocrx_word' id='word_1_37' title='bbox 496 760 662 838; x_wconf 71' lang='lat' dir='ltr'><strong>desumpsit</strong></span> <span class='ocrx_word' id='word_1_38' title='bbox 689 768 720 819; x_wconf 92' lang='lat' dir='ltr'>et</span> <span class='ocrx_word' id='word_1_39' title='bbox 747 762 776 819; x_wconf 93' lang='lat' dir='ltr'>in</span> <span class='ocrx_word' id='word_1_40' title='bbox 806 761 937 838; x_wconf 77' lang='lat' dir='ltr'><strong>margine</strong></span> <span class='ocrx_word' id='word_1_41' title='bbox 962 761 1105 838; x_wconf 80' lang='lat' dir='ltr'>enotavit3</span> <span class='ocrx_word' id='word_1_42' title='bbox 1133 758 1281 818; x_wconf 85' lang='lat' dir='ltr'>difficilior</span> 
     </span>
     <span class='ocr_line' id='line_1_6' title="bbox 193 857 1280 937; baseline -0.003 -18"><span class='ocrx_word' id='word_1_43' title='bbox 193 880 262 921; x_wconf 91' lang='lat' dir='ltr'>vero</span> <span class='ocrx_word' id='word_1_44' title='bbox 278 861 356 920; x_wconf 91' lang='lat' dir='ltr'>lectu</span> <span class='ocrx_word' id='word_1_45' title='bbox 373 869 418 920; x_wconf 89' lang='lat' dir='ltr'>est</span> <span class='ocrx_word' id='word_1_46' title='bbox 433 858 576 918; x_wconf 88' lang='lat' dir='ltr'>Pitlroei</span> <span class='ocrx_word' id='word_1_47' title='bbox 591 877 725 934; x_wconf 89' lang='lat' dir='ltr'>manus,</span> <span class='ocrx_word' id='word_1_48' title='bbox 745 861 841 937; x_wconf 91' lang='lat' dir='ltr'>quiin</span> <span class='ocrx_word' id='word_1_49' title='bbox 857 857 969 917; x_wconf 88' lang='lat' dir='ltr'>scholio</span> <span class='ocrx_word' id='word_1_50' title='bbox 984 859 1080 935; x_wconf 92' lang='lat' dir='ltr'>primo</span> <span class='ocrx_word' id='word_1_51' title='bbox 1096 858 1131 917; x_wconf 89' lang='lat' dir='ltr'>ad</span> <span class='ocrx_word' id='word_1_52' title='bbox 1148 857 1280 918; x_wconf 92' lang='lat' dir='ltr'>voculam</span> 
     </span>
     <span class='ocr_line' id='line_1_7' title="bbox 192 951 1281 1037; baseline -0.006 -17"><span class='ocrx_word' id='word_1_53' title='bbox 192 967 282 1020; x_wconf 83' lang='lat' dir='ltr'>erant</span> <span class='ocrx_word' id='word_1_54' title='bbox 301 958 537 1019; x_wconf 79' lang='lat' dir='ltr'>emendationem</span> <span class='ocrx_word' id='word_1_55' title='bbox 557 951 671 1016; x_wconf 74' lang='lat' dir='ltr'>‘etiam&#39;</span> <span class='ocrx_word' id='word_1_56' title='bbox 691 956 856 1037; x_wconf 78' lang='lat' dir='ltr'>adscripsit,</span> <span class='ocrx_word' id='word_1_57' title='bbox 876 966 906 1016; x_wconf 87' lang='lat' dir='ltr'>et</span> <span class='ocrx_word' id='word_1_58' title='bbox 925 955 1031 1015; x_wconf 90' lang='lat' dir='ltr'>deinde</span> <span class='ocrx_word' id='word_1_59' title='bbox 1047 958 1100 1016; x_wconf 85' lang='lat' dir='ltr'>bos</span> <span class='ocrx_word' id='word_1_60' title='bbox 1114 957 1281 1015; x_wconf 78' lang='lat' dir='ltr'>rectissime</span> 
     </span>
     <span class='ocr_line' id='line_1_8' title="bbox 191 1054 1279 1133; baseline -0.002 -17"><span class='ocrx_word' id='word_1_61' title='bbox 191 1059 220 1116; x_wconf 95' lang='lat' dir='ltr'>in</span> <span class='ocrx_word' id='word_1_62' title='bbox 250 1059 342 1119; x_wconf 80' lang='lat' dir='ltr'>Oasin</span> <span class='ocrx_word' id='word_1_63' title='bbox 363 1057 471 1117; x_wconf 90' lang='lat' dir='ltr'>mutari</span> <span class='ocrx_word' id='word_1_64' title='bbox 494 1056 582 1115; x_wconf 89' lang='lat' dir='ltr'>iussit</span> <span class='ocrx_word' id='word_1_65' title='bbox 606 1073 694 1133; x_wconf 87' lang='lat' dir='ltr'>quam</span> <span class='ocrx_word' id='word_1_66' title='bbox 718 1072 819 1115; x_wconf 90' lang='lat' dir='ltr'>vocem</span> <span class='ocrx_word' id='word_1_67' title='bbox 844 1073 912 1114; x_wconf 90' lang='lat' dir='ltr'>cum</span> <span class='ocrx_word' id='word_1_68' title='bbox 936 1061 1005 1113; x_wconf 91' lang='lat' dir='ltr'>nota</span> <span class='ocrx_word' id='word_1_69' title='bbox 1029 1054 1129 1113; x_wconf 61' lang='lat' dir='ltr'>Sata</span> <span class='ocrx_word' id='word_1_70' title='bbox 1153 1055 1183 1113; x_wconf 92' lang='lat' dir='ltr'>in</span> <span class='ocrx_word' id='word_1_71' title='bbox 1205 1072 1279 1114; x_wconf 89' lang='lat' dir='ltr'>mar-</span> 
     </span>
     <span class='ocr_line' id='line_1_9' title="bbox 190 1147 1281 1235; baseline -0.004 -20"><span class='ocrx_word' id='word_1_72' title='bbox 190 1159 257 1235; x_wconf 85' lang='lat' dir='ltr'>gine</span> <span class='ocrx_word' id='word_1_73' title='bbox 282 1173 391 1233; x_wconf 86' lang='lat' dir='ltr'>supero</span> <span class='ocrx_word' id='word_1_74' title='bbox 415 1155 552 1213; x_wconf 84' lang='lat' dir='ltr'>exaravit.</span> <span class='ocrx_word' id='word_1_75' title='bbox 593 1151 671 1212; x_wconf 88' lang='lat' dir='ltr'>idern</span> <span class='ocrx_word' id='word_1_76' title='bbox 695 1155 738 1213; x_wconf 86' lang='lat' dir='ltr'>vir</span> <span class='ocrx_word' id='word_1_77' title='bbox 767 1151 872 1212; x_wconf 92' lang='lat' dir='ltr'>doctus</span> <span class='ocrx_word' id='word_1_78' title='bbox 902 1151 937 1210; x_wconf 89' lang='lat' dir='ltr'>ad</span> <span class='ocrx_word' id='word_1_79' title='bbox 966 1149 1056 1210; x_wconf 92' lang='lat' dir='ltr'>schol.</span> <span class='ocrx_word' id='word_1_80' title='bbox 1077 1147 1129 1211; x_wconf 83' lang='lat'>15</span> <span class='ocrx_word' id='word_1_81' title='bbox 1157 1152 1281 1212; x_wconf 83' lang='lat' dir='ltr'>Oaa‘da&#39;as</span> 
     </span>
     <span class='ocr_line' id='line_1_10' title="bbox 190 1249 1281 1331; baseline -0.004 -18"><span class='ocrx_word' id='word_1_82' title='bbox 190 1256 220 1313; x_wconf 93' lang='lat' dir='ltr'>in</span> <span class='ocrx_word' id='word_1_83' title='bbox 251 1255 383 1331; x_wconf 81' lang='lat' dir='ltr'>margine</span> <span class='ocrx_word' id='word_1_84' title='bbox 417 1252 538 1329; x_wconf 82' lang='lat' dir='ltr'>scripsit</span> <span class='ocrx_word' id='word_1_85' title='bbox 569 1259 598 1310; x_wconf 91' lang='lat' dir='ltr'>et</span> <span class='ocrx_word' id='word_1_86' title='bbox 631 1269 733 1309; x_wconf 91' lang='lat' dir='ltr'>omnes</span> <span class='ocrx_word' id='word_1_87' title='bbox 766 1249 878 1328; x_wconf 83' lang='lat' dir='ltr'>glossas</span> <span class='ocrx_word' id='word_1_88' title='bbox 909 1249 1066 1310; x_wconf 90' lang='lat' dir='ltr'>deterioris</span> <span class='ocrx_word' id='word_1_89' title='bbox 1098 1250 1281 1309; x_wconf 87' lang='lat' dir='ltr'>recensionis</span> 
     </span>
     <span class='ocr_line' id='line_1_11' title="bbox 191 1348 681 1428; baseline -0.004 -16"><span class='ocrx_word' id='word_1_90' title='bbox 191 1352 278 1412; x_wconf 91' lang='lat' dir='ltr'>lineis</span> <span class='ocrx_word' id='word_1_91' title='bbox 301 1348 420 1428; x_wconf 88' lang='lat' dir='ltr'>oblique</span> <span class='ocrx_word' id='word_1_92' title='bbox 444 1349 542 1409; x_wconf 90' lang='lat' dir='ltr'>ductis</span> <span class='ocrx_word' id='word_1_93' title='bbox 565 1348 681 1410; x_wconf 89' lang='lat' dir='ltr'>delevit.</span> 
     </span>
    </p>

    <p class='ocr_par' dir='ltr' id='par_1_3' title="bbox 153 1445 1281 4170">
     <span class='ocr_line' id='line_1_12' title="bbox 279 1445 1278 1526; baseline -0.001 -19"><span class='ocrx_word' id='word_1_94' title='bbox 279 1449 397 1508; x_wconf 91' lang='lat' dir='ltr'>lamiam</span> <span class='ocrx_word' id='word_1_95' title='bbox 421 1446 469 1507; x_wconf 90' lang='lat' dir='ltr'>bic</span> <span class='ocrx_word' id='word_1_96' title='bbox 492 1465 528 1506; x_wconf 89' lang='lat' dir='ltr'>ne</span> <span class='ocrx_word' id='word_1_97' title='bbox 553 1446 713 1526; x_wconf 90' lang='lat' dir='ltr'>descriptio</span> <span class='ocrx_word' id='word_1_98' title='bbox 738 1455 837 1507; x_wconf 87' lang='lat' dir='ltr'>nostra</span> <span class='ocrx_word' id='word_1_99' title='bbox 858 1448 936 1507; x_wconf 87' lang='lat' dir='ltr'>iusto</span> <span class='ocrx_word' id='word_1_100' title='bbox 955 1445 1023 1524; x_wconf 93' lang='lat' dir='ltr'>plns</span> <span class='ocrx_word' id='word_1_101' title='bbox 1042 1455 1192 1507; x_wconf 88' lang='lat' dir='ltr'>accrescat</span> <span class='ocrx_word' id='word_1_102' title='bbox 1211 1446 1278 1506; x_wconf 93' lang='lat' dir='ltr'>sub-</span> 
     </span>
     <span class='ocr_line' id='line_1_13' title="bbox 192 1543 1281 1625; baseline -0.002 -17"><span class='ocrx_word' id='word_1_103' title='bbox 192 1550 298 1608; x_wconf 89' lang='lat' dir='ltr'>sistere</span> <span class='ocrx_word' id='word_1_104' title='bbox 331 1545 481 1623; x_wconf 88' lang='lat' dir='ltr'>verboque</span> <span class='ocrx_word' id='word_1_105' title='bbox 511 1554 623 1606; x_wconf 90' lang='lat' dir='ltr'>tantum</span> <span class='ocrx_word' id='word_1_106' title='bbox 653 1547 798 1624; x_wconf 84' lang='lat' dir='ltr'>attingere</span> <span class='ocrx_word' id='word_1_107' title='bbox 827 1543 994 1605; x_wconf 83' lang='lat' dir='ltr'>libetlibri</span> <span class='ocrx_word' id='word_1_108' title='bbox 1023 1543 1112 1604; x_wconf 89' lang='lat' dir='ltr'>huius</span> <span class='ocrx_word' id='word_1_109' title='bbox 1140 1545 1212 1625; x_wconf 87' lang='lat' dir='ltr'>lata,</span> <span class='ocrx_word' id='word_1_110' title='bbox 1245 1545 1281 1606; x_wconf 89' lang='lat' dir='ltr'>de</span> 
     </span>
     <span class='ocr_line' id='line_1_14' title="bbox 189 1641 1281 1724; baseline -0.001 -19"><span class='ocrx_word' id='word_1_111' title='bbox 189 1645 298 1724; x_wconf 89' lang='lat' dir='ltr'>quibus</span> <span class='ocrx_word' id='word_1_112' title='bbox 330 1664 398 1704; x_wconf 86' lang='lat' dir='ltr'>curn</span> <span class='ocrx_word' id='word_1_113' title='bbox 427 1645 547 1704; x_wconf 93' lang='lat' dir='ltr'>omnino</span> <span class='ocrx_word' id='word_1_114' title='bbox 571 1662 663 1722; x_wconf 90' lang='lat' dir='ltr'>pauca</span> <span class='ocrx_word' id='word_1_115' title='bbox 689 1645 877 1704; x_wconf 90' lang='lat' dir='ltr'>constiterint</span> <span class='ocrx_word' id='word_1_116' title='bbox 901 1641 947 1702; x_wconf 90' lang='lat' dir='ltr'>vel</span> <span class='ocrx_word' id='word_1_117' title='bbox 971 1642 1006 1700; x_wconf 90' lang='lat' dir='ltr'>de</span> <span class='ocrx_word' id='word_1_118' title='bbox 1032 1641 1181 1702; x_wconf 92' lang='lat' dir='ltr'>nonnullis</span> <span class='ocrx_word' id='word_1_119' title='bbox 1206 1662 1281 1721; x_wconf 86' lang='lat' dir='ltr'>quae</span> 
     </span>
     <span class='ocr_line' id='line_1_15' title="bbox 188 1740 1280 1821; baseline -0.002 -19"><span class='ocrx_word' id='word_1_120' title='bbox 188 1742 283 1802; x_wconf 91' lang='lat' dir='ltr'>adhuc</span> <span class='ocrx_word' id='word_1_121' title='bbox 304 1742 381 1821; x_wconf 90' lang='lat' dir='ltr'>apud</span> <span class='ocrx_word' id='word_1_122' title='bbox 402 1760 504 1802; x_wconf 86' lang='lat' dir='ltr'>omnes</span> <span class='ocrx_word' id='word_1_123' title='bbox 525 1742 611 1801; x_wconf 84' lang='lat' dir='ltr'>fidem</span> <span class='ocrx_word' id='word_1_124' title='bbox 632 1740 778 1800; x_wconf 83' lang='lat' dir='ltr'>habebant</span> <span class='ocrx_word' id='word_1_125' title='bbox 792 1740 1007 1800; x_wconf 87' lang='lat' dir='ltr'>dubitationem</span> <span class='ocrx_word' id='word_1_126' title='bbox 1023 1757 1116 1798; x_wconf 88' lang='lat' dir='ltr'>meam</span> <span class='ocrx_word' id='word_1_127' title='bbox 1132 1757 1191 1799; x_wconf 94' lang='lat' dir='ltr'>non</span> <span class='ocrx_word' id='word_1_128' title='bbox 1207 1740 1280 1800; x_wconf 89' lang='lat' dir='ltr'>cela-</span> 
     </span>
     <span class='ocr_line' id='line_1_16' title="bbox 189 1837 1279 1916; baseline 0 -18"><span class='ocrx_word' id='word_1_129' title='bbox 189 1840 291 1899; x_wconf 90' lang='lat' dir='ltr'>verim.</span> <span class='ocrx_word' id='word_1_130' title='bbox 331 1857 397 1898; x_wconf 89' lang='lat' dir='ltr'>nam</span> <span class='ocrx_word' id='word_1_131' title='bbox 422 1838 499 1916; x_wconf 87' lang='lat' dir='ltr'>quod</span> <span class='ocrx_word' id='word_1_132' title='bbox 524 1838 611 1916; x_wconf 81' lang='lat' dir='ltr'>urigo</span> <span class='ocrx_word' id='word_1_133' title='bbox 636 1838 797 1898; x_wconf 89' lang='lat' dir='ltr'>credebant</span> <span class='ocrx_word' id='word_1_134' title='bbox 820 1857 855 1897; x_wconf 86' lang='lat' dir='ltr'>ex</span> <span class='ocrx_word' id='word_1_135' title='bbox 879 1839 1074 1916; x_wconf 83' lang='lat' dir='ltr'>inscriptione</span> <span class='ocrx_word' id='word_1_136' title='bbox 1098 1837 1160 1898; x_wconf 87' lang='lat' dir='ltr'>lolii</span> <span class='ocrx_word' id='word_1_137' title='bbox 1184 1841 1279 1898; x_wconf 92' lang='lat' dir='ltr'>novis·</span> 
     </span>
     <span class='ocr_line' id='line_1_17' title="bbox 188 1934 1280 2013; baseline -0.001 -15"><span class='ocrx_word' id='word_1_138' title='bbox 188 1941 255 1999; x_wconf 89' lang='lat' dir='ltr'>simi</span> <span class='ocrx_word' id='word_1_139' title='bbox 282 1939 385 1998; x_wconf 81' lang='lat' dir='ltr'>Codex</span> <span class='ocrx_word' id='word_1_140' title='bbox 407 1941 454 1997; x_wconf 81' lang='lat' dir='ltr'>sci</span> <span class='ocrx_word' id='word_1_141' title='bbox 476 1938 610 1996; x_wconf 82' lang='lat' dir='ltr'>Nazarii</span> <span class='ocrx_word' id='word_1_142' title='bbox 633 1936 776 1996; x_wconf 79' lang='lat' dir='ltr'>Martira&#39;s</span> <span class='ocrx_word' id='word_1_143' title='bbox 799 1936 879 1994; x_wconf 83' lang='lat' dir='ltr'>XPI</span> <span class='ocrx_word' id='word_1_144' title='bbox 899 1934 1037 1994; x_wconf 89' lang='lat' dir='ltr'>concludi</span> <span class='ocrx_word' id='word_1_145' title='bbox 1060 1953 1147 2013; x_wconf 92' lang='lat' dir='ltr'>posse</span> <span class='ocrx_word' id='word_1_146' title='bbox 1172 1935 1280 1997; x_wconf 90' lang='lat' dir='ltr'>librum</span> 
     </span>
     <span class='ocr_line' id='line_1_18' title="bbox 188 2031 1281 2122; baseline -0.002 -26"><span class='ocrx_word' id='word_1_147' title='bbox 188 2039 217 2096; x_wconf 91' lang='lat' dir='ltr'>in</span> <span class='ocrx_word' id='word_1_148' title='bbox 242 2037 423 2096; x_wconf 89' lang='lat' dir='ltr'>monasterio</span> <span class='ocrx_word' id='word_1_149' title='bbox 446 2033 695 2094; x_wconf 88' lang='lat' dir='ltr'>Laureshamensi</span> <span class='ocrx_word' id='word_1_150' title='bbox 714 2036 858 2122; x_wconf 79' lang='lat' dir='ltr'>scriptum</span> <span class='ocrx_word' id='word_1_151' title='bbox 878 2049 953 2111; x_wconf 85' lang='lat' dir='ltr'>esse,</span> <span class='ocrx_word' id='word_1_152' title='bbox 972 2031 1049 2091; x_wconf 92' lang='lat' dir='ltr'>banc</span> <span class='ocrx_word' id='word_1_153' title='bbox 1070 2040 1169 2090; x_wconf 91' lang='lat' dir='ltr'>notam</span> <span class='ocrx_word' id='word_1_154' title='bbox 1189 2037 1281 2113; x_wconf 83' lang='lat' dir='ltr'>magis</span> 
     </span>
     <span class='ocr_line' id='line_1_19' title="bbox 187 2130 1281 2212; baseline -0.004 -17"><span class='ocrx_word' id='word_1_155' title='bbox 187 2145 290 2195; x_wconf 88' lang='lat' dir='ltr'>contra</span> <span class='ocrx_word' id='word_1_156' title='bbox 320 2133 398 2193; x_wconf 89' lang='lat' dir='ltr'>illam</span> <span class='ocrx_word' id='word_1_157' title='bbox 431 2133 601 2212; x_wconf 86' lang='lat' dir='ltr'>opinionem</span> <span class='ocrx_word' id='word_1_158' title='bbox 631 2150 718 2210; x_wconf 89' lang='lat' dir='ltr'>quam</span> <span class='ocrx_word' id='word_1_159' title='bbox 748 2149 802 2211; x_wconf 91' lang='lat' dir='ltr'>pro</span> <span class='ocrx_word' id='word_1_160' title='bbox 831 2149 864 2190; x_wconf 89' lang='lat' dir='ltr'>ea</span> <span class='ocrx_word' id='word_1_161' title='bbox 893 2130 990 2189; x_wconf 88' lang='lat' dir='ltr'>lacere</span> <span class='ocrx_word' id='word_1_162' title='bbox 1019 2148 1055 2188; x_wconf 86' lang='lat' dir='ltr'>ex</span> <span class='ocrx_word' id='word_1_163' title='bbox 1084 2131 1121 2189; x_wconf 91' lang='lat' dir='ltr'>iis</span> <span class='ocrx_word' id='word_1_164' title='bbox 1146 2148 1220 2208; x_wconf 89' lang='lat' dir='ltr'>quae</span> <span class='ocrx_word' id='word_1_165' title='bbox 1245 2131 1281 2191; x_wconf 90' lang='lat' dir='ltr'>de</span> 
     </span>
     <span class='ocr_line' id='line_1_20' title="bbox 187 2226 1280 2309; baseline -0.005 -16"><span class='ocrx_word' id='word_1_166' title='bbox 187 2236 251 2294; x_wconf 90' lang='lat' dir='ltr'>eius</span> <span class='ocrx_word' id='word_1_167' title='bbox 279 2240 375 2293; x_wconf 88' lang='lat' dir='ltr'>aetate</span> <span class='ocrx_word' id='word_1_168' title='bbox 404 2239 491 2309; x_wconf 89' lang='lat' dir='ltr'>atque</span> <span class='ocrx_word' id='word_1_169' title='bbox 520 2237 582 2290; x_wconf 91' lang='lat' dir='ltr'>tota</span> <span class='ocrx_word' id='word_1_170' title='bbox 606 2229 668 2289; x_wconf 85' lang='lat' dir='ltr'>toni</span> <span class='ocrx_word' id='word_1_171' title='bbox 692 2227 734 2291; x_wconf 88' lang='lat'>80</span> <span class='ocrx_word' id='word_1_172' title='bbox 758 2229 932 2289; x_wconf 90' lang='lat' dir='ltr'>condicione</span> <span class='ocrx_word' id='word_1_173' title='bbox 957 2226 1171 2306; x_wconf 84' lang='lat' dir='ltr'>disputavimus</span> <span class='ocrx_word' id='word_1_174' title='bbox 1196 2228 1280 2288; x_wconf 83' lang='lat' dir='ltr'>iacile</span> 
     </span>
     <span class='ocr_line' id='line_1_21' title="bbox 186 2325 1280 2411; baseline -0.004 -20"><span class='ocrx_word' id='word_1_175' title='bbox 186 2332 375 2411; x_wconf 90' lang='lat' dir='ltr'>perspicitur.</span> <span class='ocrx_word' id='word_1_176' title='bbox 421 2347 518 2407; x_wconf 89' lang='lat' dir='ltr'>neque</span> <span class='ocrx_word' id='word_1_177' title='bbox 548 2345 602 2406; x_wconf 82' lang='lat' dir='ltr'>ego</span> <span class='ocrx_word' id='word_1_178' title='bbox 625 2327 734 2388; x_wconf 92' lang='lat' dir='ltr'>librum</span> <span class='ocrx_word' id='word_1_179' title='bbox 754 2327 951 2388; x_wconf 89' lang='lat' dir='ltr'>Pithoeanum</span> <span class='ocrx_word' id='word_1_180' title='bbox 975 2325 1102 2386; x_wconf 90' lang='lat' dir='ltr'>eundem</span> <span class='ocrx_word' id='word_1_181' title='bbox 1127 2345 1193 2387; x_wconf 88' lang='lat' dir='ltr'>esse</span> <span class='ocrx_word' id='word_1_182' title='bbox 1213 2345 1280 2387; x_wconf 88' lang='lat' dir='ltr'>cen·</span> 
     </span>
     <span class='ocr_line' id='line_1_22' title="bbox 187 2424 1281 2505; baseline -0.005 -16"><span class='ocrx_word' id='word_1_183' title='bbox 187 2431 297 2489; x_wconf 85' lang='lat' dir='ltr'>suerin</span> <span class='ocrx_word' id='word_1_184' title='bbox 322 2446 389 2486; x_wconf 89' lang='lat' dir='ltr'>cum</span> <span class='ocrx_word' id='word_1_185' title='bbox 414 2426 525 2505; x_wconf 83' lang='lat' dir='ltr'>codice,</span> <span class='ocrx_word' id='word_1_186' title='bbox 550 2428 654 2503; x_wconf 90' lang='lat' dir='ltr'>quiin</span> <span class='ocrx_word' id='word_1_187' title='bbox 678 2426 810 2504; x_wconf 83' lang='lat' dir='ltr'>catalogo</span> <span class='ocrx_word' id='word_1_188' title='bbox 830 2425 948 2485; x_wconf 92' lang='lat' dir='ltr'>saeculo</span> <span class='ocrx_word' id='word_1_189' title='bbox 972 2424 1087 2484; x_wconf 90' lang='lat' dir='ltr'>decimo</span> <span class='ocrx_word' id='word_1_190' title='bbox 1111 2427 1281 2505; x_wconf 85' lang='lat' dir='ltr'>conscripto</span> 
     </span>
     <span class='ocr_line' id='line_1_23' title="bbox 188 2520 1279 2607; baseline 0.001 -23"><span class='ocrx_word' id='word_1_191' title='bbox 188 2520 408 2607; x_wconf 59' lang='lat' dir='ltr'>(Brevioribus</span> <span class='ocrx_word' id='word_1_192' title='bbox 432 2526 571 2584; x_wconf 77' lang='lat' dir='ltr'>codicum</span> <span class='ocrx_word' id='word_1_193' title='bbox 594 2527 771 2584; x_wconf 83' lang='lat' dir='ltr'>manasterii</span> <span class='ocrx_word' id='word_1_194' title='bbox 793 2526 822 2584; x_wconf 88' lang='lat' dir='ltr'>S.</span> <span class='ocrx_word' id='word_1_195' title='bbox 843 2526 979 2584; x_wconf 82' lang='lat' dir='ltr'>Nazaria&#39;</span> <span class='ocrx_word' id='word_1_196' title='bbox 1001 2526 1032 2582; x_wconf 83' lang='lat' dir='ltr'>ia</span> <span class='ocrx_word' id='word_1_197' title='bbox 1053 2524 1203 2584; x_wconf 80' lang='lat' dir='ltr'>Laurissa</span> <span class='ocrx_word' id='word_1_198' title='bbox 1226 2543 1279 2585; x_wconf 87' lang='lat' dir='ltr'>seu</span> 
     </span>
     <span class='ocr_line' id='line_1_24' title="bbox 186 2610 1275 2704; baseline -0.001 -21"><span class='ocrx_word' id='word_1_199' title='bbox 186 2624 456 2684; x_wconf 72' lang='lat' dir='ltr'>laureshamensis</span> <span class='ocrx_word' id='word_1_200' title='bbox 484 2623 528 2680; x_wconf 83' lang='lat' dir='ltr'>ad</span> <span class='ocrx_word' id='word_1_201' title='bbox 554 2610 756 2704; x_wconf 78' lang='lat' dir='ltr'>Rhenam&#39;¹))</span> <span class='ocrx_word' id='word_1_202' title='bbox 782 2639 819 2680; x_wconf 92' lang='lat' dir='ltr'>no</span> <span class='ocrx_word' id='word_1_203' title='bbox 839 2618 903 2681; x_wconf 78' lang='lat'>427</span> <span class='ocrx_word' id='word_1_204' title='bbox 931 2621 1067 2681; x_wconf 85' lang='lat' dir='ltr'>affertur:</span> <span class='ocrx_word' id='word_1_205' title='bbox 1091 2624 1170 2682; x_wconf 78' lang='lat' dir='ltr'>liber</span> <span class='ocrx_word' id='word_1_206' title='bbox 1190 2623 1275 2683; x_wconf 86' lang='lat' dir='ltr'>Iuve-</span> 
     </span>
     <span class='ocr_line' id='line_1_25' title="bbox 186 2717 1277 2800; baseline -0.003 -17"><span class='ocrx_word' id='word_1_207' title='bbox 186 2725 265 2783; x_wconf 77' lang='lat' dir='ltr'>nalis·</span> <span class='ocrx_word' id='word_1_208' title='bbox 289 2727 411 2796; x_wconf 83' lang='lat' dir='ltr'>poetae,</span> <span class='ocrx_word' id='word_1_209' title='bbox 441 2718 470 2779; x_wconf 92' lang='lat' dir='ltr'>id</span> <span class='ocrx_word' id='word_1_210' title='bbox 500 2718 577 2797; x_wconf 90' lang='lat' dir='ltr'>quod</span> <span class='ocrx_word' id='word_1_211' title='bbox 607 2718 754 2779; x_wconf 84' lang='lat' dir='ltr'>affirmare</span> <span class='ocrx_word' id='word_1_212' title='bbox 778 2736 868 2778; x_wconf 93' lang='lat' dir='ltr'>ausus</span> <span class='ocrx_word' id='word_1_213' title='bbox 893 2726 938 2777; x_wconf 90' lang='lat' dir='ltr'>est</span> <span class='ocrx_word' id='word_1_214' title='bbox 964 2717 1095 2796; x_wconf 82' lang='lat' dir='ltr'>Stephon</span> <span class='ocrx_word' id='word_1_215' title='bbox 1119 2718 1136 2777; x_wconf 95' lang='lat' dir='ltr'>l.</span> <span class='ocrx_word' id='word_1_216' title='bbox 1157 2738 1181 2778; x_wconf 86' lang='lat' dir='ltr'>a.</span> <span class='ocrx_word' id='word_1_217' title='bbox 1201 2738 1228 2796; x_wconf 92' lang='lat' dir='ltr'>p.</span> <span class='ocrx_word' id='word_1_218' title='bbox 1248 2717 1277 2800; x_wconf 83' lang='lat'>3,</span> 
     </span>
     <span class='ocr_line' id='line_1_26' title="bbox 153 2816 1275 2899; baseline -0.002 -20"><span class='ocrx_word' id='word_1_219' title='bbox 153 2882 159 2897; x_wconf 62' lang='grc'><strong>,</strong></span> <span class='ocrx_word' id='word_1_220' title='bbox 186 2821 324 2899; x_wconf 89' lang='lat' dir='ltr'>qnoniam</span> <span class='ocrx_word' id='word_1_221' title='bbox 349 2820 377 2877; x_wconf 94' lang='lat' dir='ltr'>in</span> <span class='ocrx_word' id='word_1_222' title='bbox 404 2825 472 2878; x_wconf 90' lang='lat' dir='ltr'>nota</span> <span class='ocrx_word' id='word_1_223' title='bbox 491 2816 539 2876; x_wconf 90' lang='lat' dir='ltr'>illa</span> <span class='ocrx_word' id='word_1_224' title='bbox 560 2817 684 2896; x_wconf 83' lang='lat' dir='ltr'>catalogi</span> <span class='ocrx_word' id='word_1_225' title='bbox 702 2817 926 2895; x_wconf 83' lang='lat' dir='ltr'>diligentissime</span> <span class='ocrx_word' id='word_1_226' title='bbox 946 2818 1027 2875; x_wconf 89' lang='lat' dir='ltr'>omni</span> <span class='ocrx_word' id='word_1_227' title='bbox 1047 2835 1082 2875; x_wconf 88' lang='lat' dir='ltr'>ex</span> <span class='ocrx_word' id='word_1_228' title='bbox 1102 2826 1186 2894; x_wconf 88' lang='lat' dir='ltr'>parte</span> <span class='ocrx_word' id='word_1_229' title='bbox 1206 2836 1275 2878; x_wconf 92' lang='lat' dir='ltr'>con·</span> 
     </span>
     <span class='ocr_line' id='line_1_27' title="bbox 185 2912 1278 2996; baseline -0.002 -18"><span class='ocrx_word' id='word_1_230' title='bbox 185 2919 255 2978; x_wconf 86' lang='lat' dir='ltr'>lecti</span> <span class='ocrx_word' id='word_1_231' title='bbox 279 2934 356 2976; x_wconf 81' lang='lat' dir='ltr'>rinus</span> <span class='ocrx_word' id='word_1_232' title='bbox 381 2913 526 2975; x_wconf 90' lang='lat' dir='ltr'>luvenalis</span> <span class='ocrx_word' id='word_1_233' title='bbox 555 2916 734 2996; x_wconf 87' lang='lat' dir='ltr'>nominatur,</span> <span class='ocrx_word' id='word_1_234' title='bbox 762 2915 909 2974; x_wconf 91' lang='lat' dir='ltr'>omittitur</span> <span class='ocrx_word' id='word_1_235' title='bbox 940 2912 1014 2973; x_wconf 87' lang='lat' dir='ltr'>liber</span> <span class='ocrx_word' id='word_1_236' title='bbox 1039 2913 1148 2995; x_wconf 77' lang='lat' dir='ltr'>Persii,</span> <span class='ocrx_word' id='word_1_237' title='bbox 1177 2934 1278 2994; x_wconf 90' lang='lat' dir='ltr'>quam-</span> 
     </span>
     <span class='ocr_line' id='line_1_28' title="bbox 186 3010 1279 3095; baseline -0.001 -20"><span class='ocrx_word' id='word_1_238' title='bbox 186 3033 273 3095; x_wconf 91' lang='lat' dir='ltr'>quam</span> <span class='ocrx_word' id='word_1_239' title='bbox 310 3016 340 3073; x_wconf 91' lang='lat' dir='ltr'>in</span> <span class='ocrx_word' id='word_1_240' title='bbox 380 3013 448 3073; x_wconf 84' lang='lat' dir='ltr'>tolio</span> <span class='ocrx_word' id='word_1_241' title='bbox 481 3010 514 3072; x_wconf 50' lang='grc' dir='ltr'>ΞΥ</span> <span class='ocrx_word' id='word_1_242' title='bbox 546 3012 610 3072; x_wconf 92' lang='lat' dir='ltr'>cod.</span> <span class='ocrx_word' id='word_1_243' title='bbox 638 3011 792 3073; x_wconf 89' lang='lat' dir='ltr'>Pithoeani</span> <span class='ocrx_word' id='word_1_244' title='bbox 829 3011 940 3071; x_wconf 88' lang='lat' dir='ltr'>diserto</span> <span class='ocrx_word' id='word_1_245' title='bbox 978 3013 1124 3089; x_wconf 88' lang='lat' dir='ltr'>scriptum</span> <span class='ocrx_word' id='word_1_246' title='bbox 1157 3013 1279 3092; x_wconf 83' lang='lat' dir='ltr'>legitur:</span> 
     </span>
     <span class='ocr_line' id='line_1_29' title="bbox 185 3110 1278 3191; baseline -0.002 -19"><span class='ocrx_word' id='word_1_247' title='bbox 185 3110 458 3173; x_wconf 82' lang='lat' dir='ltr'>THEBAIDORVM</span> <span class='ocrx_word' id='word_1_248' title='bbox 486 3110 611 3171; x_wconf 87' lang='lat' dir='ltr'>PERSll</span> <span class='ocrx_word' id='word_1_249' title='bbox 642 3110 803 3191; x_wconf 61' lang='lat' dir='ltr'>santium</span> <span class='ocrx_word' id='word_1_250' title='bbox 836 3119 939 3170; x_wconf 91' lang='lat' dir='ltr'>contra</span> <span class='ocrx_word' id='word_1_251' title='bbox 972 3110 1044 3169; x_wconf 86' lang='lat' dir='ltr'>mihi</span> <span class='ocrx_word' id='word_1_252' title='bbox 1069 3129 1187 3189; x_wconf 89' lang='lat' dir='ltr'>qnoque</span> <span class='ocrx_word' id='word_1_253' title='bbox 1213 3130 1278 3191; x_wconf 93' lang='lat' dir='ltr'>pro-</span> 
     </span>
     <span class='ocr_line' id='line_1_30' title="bbox 186 3206 1279 3288; baseline -0.004 -17"><span class='ocrx_word' id='word_1_254' title='bbox 186 3210 281 3271; x_wconf 87' lang='lat' dir='ltr'>babile</span> <span class='ocrx_word' id='word_1_255' title='bbox 305 3209 422 3269; x_wconf 88' lang='lat' dir='ltr'>videtur</span> <span class='ocrx_word' id='word_1_256' title='bbox 446 3210 579 3269; x_wconf 88' lang='lat' dir='ltr'>codicem</span> <span class='ocrx_word' id='word_1_257' title='bbox 602 3210 680 3270; x_wconf 91' lang='lat' dir='ltr'>haud</span> <span class='ocrx_word' id='word_1_258' title='bbox 705 3209 797 3269; x_wconf 90' lang='lat' dir='ltr'>multo</span> <span class='ocrx_word' id='word_1_259' title='bbox 822 3217 889 3288; x_wconf 91' lang='lat' dir='ltr'>post</span> <span class='ocrx_word' id='word_1_260' title='bbox 912 3207 985 3268; x_wconf 93' lang='lat' dir='ltr'>illud</span> <span class='ocrx_word' id='word_1_261' title='bbox 1011 3206 1189 3268; x_wconf 88' lang='lat' dir='ltr'>breviarium</span> <span class='ocrx_word' id='word_1_262' title='bbox 1209 3227 1279 3269; x_wconf 92' lang='lat' dir='ltr'>con-</span> 
     </span>
     <span class='ocr_line' id='line_1_31' title="bbox 187 3304 1279 3386; baseline 0 -20"><span class='ocrx_word' id='word_1_263' title='bbox 187 3310 308 3386; x_wconf 80' lang='lat' dir='ltr'>lectum,</span> <span class='ocrx_word' id='word_1_264' title='bbox 332 3305 448 3365; x_wconf 90' lang='lat' dir='ltr'>saeculo</span> <span class='ocrx_word' id='word_1_265' title='bbox 469 3310 557 3367; x_wconf 90' lang='lat' dir='ltr'>etiam</span> <span class='ocrx_word' id='word_1_266' title='bbox 576 3307 700 3386; x_wconf 88' lang='lat' dir='ltr'>decimo,</span> <span class='ocrx_word' id='word_1_267' title='bbox 720 3309 750 3367; x_wconf 94' lang='lat' dir='ltr'>in</span> <span class='ocrx_word' id='word_1_268' title='bbox 771 3324 896 3366; x_wconf 91' lang='lat' dir='ltr'>nnmero</span> <span class='ocrx_word' id='word_1_269' title='bbox 916 3304 1061 3366; x_wconf 91' lang='lat' dir='ltr'>librorum</span> <span class='ocrx_word' id='word_1_270' title='bbox 1081 3305 1160 3367; x_wconf 93' lang='lat' dir='ltr'>illius</span> <span class='ocrx_word' id='word_1_271' title='bbox 1180 3325 1279 3366; x_wconf 90' lang='lat' dir='ltr'>mona-</span> 
     </span>
     <span class='ocr_line' id='line_1_32' title="bbox 187 3402 1279 3491; baseline 0 -27"><span class='ocrx_word' id='word_1_272' title='bbox 187 3405 270 3465; x_wconf 92' lang='lat' dir='ltr'>sterii</span> <span class='ocrx_word' id='word_1_273' title='bbox 294 3403 400 3482; x_wconf 80' lang='lat' dir='ltr'>luisse3</span> <span class='ocrx_word' id='word_1_274' title='bbox 424 3402 474 3462; x_wconf 94' lang='lat' dir='ltr'>sed</span> <span class='ocrx_word' id='word_1_275' title='bbox 500 3403 568 3463; x_wconf 89' lang='lat' dir='ltr'>inde</span> <span class='ocrx_word' id='word_1_276' title='bbox 593 3402 628 3463; x_wconf 93' lang='lat' dir='ltr'>ab</span> <span class='ocrx_word' id='word_1_277' title='bbox 652 3405 709 3464; x_wconf 92' lang='lat' dir='ltr'>hoc</span> <span class='ocrx_word' id='word_1_278' title='bbox 733 3413 866 3491; x_wconf 87' lang='lat' dir='ltr'>tempore</span> <span class='ocrx_word' id='word_1_279' title='bbox 888 3403 1038 3483; x_wconf 88' lang='lat' dir='ltr'>usquead</span> <span class='ocrx_word' id='word_1_280' title='bbox 1060 3404 1147 3463; x_wconf 87' lang='lat' dir='ltr'>linem</span> <span class='ocrx_word' id='word_1_281' title='bbox 1169 3405 1279 3464; x_wconf 91' lang='lat' dir='ltr'>saeculi</span> 
     </span>
     <span class='ocr_line' id='line_1_33' title="bbox 186 3501 1279 3582; baseline 0 -19"><span class='ocrx_word' id='word_1_282' title='bbox 186 3504 262 3562; x_wconf 81' lang='lat' dir='ltr'>sexti</span> <span class='ocrx_word' id='word_1_283' title='bbox 286 3501 392 3561; x_wconf 90' lang='lat' dir='ltr'>decimi</span> <span class='ocrx_word' id='word_1_284' title='bbox 417 3519 473 3578; x_wconf 91' lang='lat' dir='ltr'>qua</span> <span class='ocrx_word' id='word_1_285' title='bbox 498 3501 616 3560; x_wconf 82' lang='lat' dir='ltr'>fortuna</span> <span class='ocrx_word' id='word_1_286' title='bbox 641 3520 713 3562; x_wconf 88' lang='lat' dir='ltr'>usus</span> <span class='ocrx_word' id='word_1_287' title='bbox 737 3506 776 3562; x_wconf 94' lang='lat' dir='ltr'>sit</span> <span class='ocrx_word' id='word_1_288' title='bbox 794 3501 904 3580; x_wconf 90' lang='lat' dir='ltr'>aliquid</span> <span class='ocrx_word' id='word_1_289' title='bbox 924 3503 999 3561; x_wconf 90' lang='lat' dir='ltr'>certi</span> <span class='ocrx_word' id='word_1_290' title='bbox 1019 3501 1147 3580; x_wconf 87' lang='lat' dir='ltr'>prolerri</span> <span class='ocrx_word' id='word_1_291' title='bbox 1167 3504 1279 3582; x_wconf 88' lang='lat' dir='ltr'>nequit·</span> 
     </span>
     <span class='ocr_line' id='line_1_34' title="bbox 186 3599 1280 3678; baseline 0.002 -18"><span class='ocrx_word' id='word_1_292' title='bbox 186 3619 256 3660; x_wconf 91' lang='lat' dir='ltr'>sane</span> <span class='ocrx_word' id='word_1_293' title='bbox 286 3599 404 3677; x_wconf 90' lang='lat' dir='ltr'>quidem</span> <span class='ocrx_word' id='word_1_294' title='bbox 433 3616 493 3658; x_wconf 92' lang='lat' dir='ltr'>non</span> <span class='ocrx_word' id='word_1_295' title='bbox 517 3602 621 3678; x_wconf 85' lang='lat' dir='ltr'>ignoro</span> <span class='ocrx_word' id='word_1_296' title='bbox 650 3608 749 3661; x_wconf 87' lang='lat' dir='ltr'>notam</span> <span class='ocrx_word' id='word_1_297' title='bbox 778 3619 867 3678; x_wconf 92' lang='lat' dir='ltr'>supra</span> <span class='ocrx_word' id='word_1_298' title='bbox 892 3599 1008 3660; x_wconf 88' lang='lat' dir='ltr'>allatam</span> <span class='ocrx_word' id='word_1_299' title='bbox 1032 3602 1168 3661; x_wconf 83' lang='lat' dir='ltr'>Matbias</span> <span class='ocrx_word' id='word_1_300' title='bbox 1192 3602 1280 3662; x_wconf 80' lang='grc'><em>1469</em></span> 
     </span>
     <span class='ocr_line' id='line_1_35' title="bbox 186 3696 1279 3778; baseline 0.002 -20"><span class='ocrx_word' id='word_1_301' title='bbox 186 3699 272 3778; x_wconf 85' lang='lat' dir='ltr'>vulgo</span> <span class='ocrx_word' id='word_1_302' title='bbox 310 3696 417 3757; x_wconf 82' lang='lat' dir='ltr'>referri</span> <span class='ocrx_word' id='word_1_303' title='bbox 455 3697 489 3758; x_wconf 88' lang='lat' dir='ltr'>ad</span> <span class='ocrx_word' id='word_1_304' title='bbox 523 3697 662 3758; x_wconf 90' lang='lat' dir='ltr'>Mathiam</span> <span class='ocrx_word' id='word_1_305' title='bbox 695 3697 853 3759; x_wconf 85' lang='lat' dir='ltr'>Corvinum</span> <span class='ocrx_word' id='word_1_306' title='bbox 891 3716 1074 3778; x_wconf 88' lang='lat' dir='ltr'>pronamque</span> <span class='ocrx_word' id='word_1_307' title='bbox 1112 3699 1180 3759; x_wconf 91' lang='lat' dir='ltr'>ideo</span> <span class='ocrx_word' id='word_1_308' title='bbox 1214 3718 1279 3760; x_wconf 89' lang='lat' dir='ltr'>esse</span> 
     </span>
     <span class='ocr_line' id='line_1_36' title="bbox 186 3795 1279 3875; baseline 0.001 -19"><span class='ocrx_word' id='word_1_309' title='bbox 186 3798 388 3856; x_wconf 89' lang='lat' dir='ltr'>coniecturam</span> <span class='ocrx_word' id='word_1_310' title='bbox 422 3795 554 3856; x_wconf 89' lang='lat' dir='ltr'>codicem</span> <span class='ocrx_word' id='word_1_311' title='bbox 585 3795 635 3855; x_wconf 93' lang='lat' dir='ltr'>illo</span> <span class='ocrx_word' id='word_1_312' title='bbox 669 3805 801 3875; x_wconf 81' lang='lat' dir='ltr'>tempore</span> <span class='ocrx_word' id='word_1_313' title='bbox 832 3799 911 3856; x_wconf 92' lang='lat' dir='ltr'>inter</span> <span class='ocrx_word' id='word_1_314' title='bbox 943 3796 1035 3857; x_wconf 90' lang='lat' dir='ltr'>libros</span> <span class='ocrx_word' id='word_1_315' title='bbox 1068 3797 1279 3858; x_wconf 89' lang='lat' dir='ltr'>celeberrimae</span> 
     </span>
     <span class='ocr_line' id='line_1_37' title="bbox 187 3888 1277 3974; baseline 0.002 -21"><span class='ocrx_word' id='word_1_316' title='bbox 187 3893 391 3973; x_wconf 80' lang='lat' dir='ltr'>bybliothecae</span> <span class='ocrx_word' id='word_1_317' title='bbox 417 3888 582 3953; x_wconf 73' lang='lat' dir='ltr'>‘Corvinus’</span> <span class='ocrx_word' id='word_1_318' title='bbox 607 3894 707 3953; x_wconf 87' lang='lat' dir='ltr'>luisse.</span> <span class='ocrx_word' id='word_1_319' title='bbox 745 3891 823 3971; x_wconf 91' lang='lat' dir='ltr'>quod</span> <span class='ocrx_word' id='word_1_320' title='bbox 848 3895 905 3952; x_wconf 94' lang='lat' dir='ltr'>nisi</span> <span class='ocrx_word' id='word_1_321' title='bbox 925 3893 989 3953; x_wconf 90' lang='lat' dir='ltr'>aliis</span> <span class='ocrx_word' id='word_1_322' title='bbox 1008 3896 1126 3956; x_wconf 88' lang='lat' dir='ltr'>indiciis</span> <span class='ocrx_word' id='word_1_323' title='bbox 1145 3903 1175 3956; x_wconf 89' lang='lat' dir='ltr'>et</span> <span class='ocrx_word' id='word_1_324' title='bbox 1193 3914 1277 3974; x_wconf 85' lang='lat' dir='ltr'>argu·</span> 
     </span>
     <span class='ocr_line' id='line_1_38' title="bbox 186 3991 1276 4071; baseline 0.001 -20"><span class='ocrx_word' id='word_1_325' title='bbox 186 3994 294 4052; x_wconf 85' lang='lat' dir='ltr'>montis</span> <span class='ocrx_word' id='word_1_326' title='bbox 318 3992 474 4070; x_wconf 90' lang='lat' dir='ltr'>probatum</span> <span class='ocrx_word' id='word_1_327' title='bbox 500 3993 557 4051; x_wconf 84' lang='lat' dir='ltr'>erit</span> <span class='ocrx_word' id='word_1_328' title='bbox 580 4000 613 4051; x_wconf 94' lang='lat' dir='ltr'>ut</span> <span class='ocrx_word' id='word_1_329' title='bbox 637 3991 754 4051; x_wconf 90' lang='lat' dir='ltr'>credam</span> <span class='ocrx_word' id='word_1_330' title='bbox 775 4008 790 4049; x_wconf 90' lang='lat' dir='ltr'>a</span> <span class='ocrx_word' id='word_1_331' title='bbox 814 4009 861 4052; x_wconf 88' lang='lat' dir='ltr'>me</span> <span class='ocrx_word' id='word_1_332' title='bbox 886 3993 1046 4071; x_wconf 90' lang='lat' dir='ltr'>impetrare</span> <span class='ocrx_word' id='word_1_333' title='bbox 1071 4011 1196 4071; x_wconf 87' lang='lat' dir='ltr'>nequeo.</span> <span class='ocrx_word' id='word_1_334' title='bbox 1233 3995 1276 4052; x_wconf 93' lang='lat' dir='ltr'>in-</span> 
     </span>
     <span class='ocr_line' id='line_1_39' title="bbox 187 4089 1279 4170; baseline 0.001 -22"><span class='ocrx_word' id='word_1_335' title='bbox 187 4092 348 4150; x_wconf 88' lang='lat' dir='ltr'>veniuntur</span> <span class='ocrx_word' id='word_1_336' title='bbox 372 4092 450 4150; x_wconf 88' lang='lat' dir='ltr'>enim</span> <span class='ocrx_word' id='word_1_337' title='bbox 475 4091 505 4149; x_wconf 96' lang='lat' dir='ltr'>in</span> <span class='ocrx_word' id='word_1_338' title='bbox 529 4089 598 4149; x_wconf 83' lang='lat' dir='ltr'>folio</span> <span class='ocrx_word' id='word_1_339' title='bbox 622 4090 717 4167; x_wconf 89' lang='lat' dir='ltr'>prirno</span> <span class='ocrx_word' id='word_1_340' title='bbox 743 4098 828 4148; x_wconf 88' lang='lat' dir='ltr'>notae</span> <span class='ocrx_word' id='word_1_341' title='bbox 852 4089 942 4149; x_wconf 93' lang='lat' dir='ltr'>huius</span> <span class='ocrx_word' id='word_1_342' title='bbox 966 4093 1084 4169; x_wconf 84' lang='lat' dir='ltr'>generis</span> <span class='ocrx_word' id='word_1_343' title='bbox 1108 4091 1225 4170; x_wconf 84' lang='lat' dir='ltr'>plures,</span> <span class='ocrx_word' id='word_1_344' title='bbox 1248 4093 1279 4149; x_wconf 95' lang='lat' dir='ltr'>in</span> 
     </span>
    </p>
   </div>
   <div class='ocr_carea' id='block_1_3' title="bbox 187 4310 1278 4462">
    <p class='ocr_par' dir='ltr' id='par_1_4' title="bbox 187 4310 1278 4462">
     <span class='ocr_line' id='line_1_40' title="bbox 259 4310 1278 4383; baseline 0.004 -18"><span class='ocrx_word' id='word_1_345' title='bbox 259 4316 285 4381; x_wconf 88' lang='lat'>1)</span> <span class='ocrx_word' id='word_1_346' title='bbox 314 4311 354 4367; x_wconf 86' lang='lat' dir='ltr'>Cf.</span> <span class='ocrx_word' id='word_1_347' title='bbox 383 4312 499 4380; x_wconf 85' lang='lat' dir='ltr'>Beclaer,</span> <span class='ocrx_word' id='word_1_348' title='bbox 527 4310 652 4383; x_wconf 75' lang='lat' dir='ltr'>Catadupi</span> <span class='ocrx_word' id='word_1_349' title='bbox 679 4313 905 4369; x_wconf 77' lang='lat' dir='ltr'>bibliothecarum</span> <span class='ocrx_word' id='word_1_350' title='bbox 932 4315 1042 4383; x_wconf 75' lang='lat' dir='ltr'>antiqui</span> <span class='ocrx_word' id='word_1_351' title='bbox 1065 4313 1181 4370; x_wconf 79' lang='lat' dir='ltr'>Bouana</span> <span class='ocrx_word' id='word_1_352' title='bbox 1205 4318 1278 4370; x_wconf 85' lang='grc'><em>1885</em></span> 
     </span>
     <span class='ocr_line' id='line_1_41' title="bbox 187 4399 310 4462; baseline -0.016 -14"><span class='ocrx_word' id='word_1_353' title='bbox 187 4411 214 4462; x_wconf 90' lang='lat' dir='ltr'>p.</span> <span class='ocrx_word' id='word_1_354' title='bbox 230 4399 263 4448; x_wconf 82' lang='lat'>82</span> <span class='ocrx_word' id='word_1_355' title='bbox 275 4409 310 4446; x_wconf 90' lang='lat' dir='ltr'>ss.</span> 
     </span>
    </p>
   </div>
   <div class='ocr_carea' id='block_1_4' title="bbox 1306 1441 1420 1528">
    <p class='ocr_par' dir='ltr' id='par_1_5' title="bbox 1306 1441 1420 1528">
     <span class='ocr_line' id='line_1_42' title="bbox 1306 1441 1420 1474; baseline 0 0"><span class='ocrx_word' id='word_1_356' title='bbox 1306 1443 1336 1474; x_wconf 80' lang='lat' dir='ltr'>De</span> <span class='ocrx_word' id='word_1_357' title='bbox 1348 1441 1395 1474; x_wconf 84' lang='lat' dir='ltr'>llbrl</span> <span class='ocrx_word' id='word_1_358' title='bbox 1405 1442 1420 1474; x_wconf 87' lang='lat' dir='ltr'>P</span> 
     </span>
     <span class='ocr_line' id='line_1_43' title="bbox 1335 1495 1388 1528; baseline -0.019 0"><span class='ocrx_word' id='word_1_359' title='bbox 1335 1495 1388 1528; x_wconf 70' lang='lat' dir='ltr'>tutta.</span> 
     </span>
    </p>
   </div>
   <div class='ocr_carea' id='block_1_5' title="bbox 0 0 1524 4934">
    <p class='ocr_par' dir='ltr' id='par_1_6' title="bbox 0 0 1524 4934">
     <span class='ocr_line' id='line_1_44' title="bbox 0 0 1524 4934; baseline 0 1"><span class='ocrx_word' id='word_1_360' title='bbox 0 0 1524 4934; x_wconf 95' lang='lat' dir='ltr'> </span> 
     </span>
    </p>
   </div>
  </div>
 </body>
</html>
