3038 4934
706 273 920 337 -10-

266 429 374 523 und,
396 439 444 503 9¹¹⁸
460 437 588 502 64--71
607 460 631 500 c.
647 460 669 501 s.
683 439 761 499 Villi
776 434 858 524 (sic),
882 437 953 501 10¹¹⁸
975 437 1104 501 72-79
1120 459 1144 501 c.
1160 459 1182 500 e.
1199 425 1262 510 Χῧ
1281 459 1358 501 cum-

267 541 416 620 plectitur.
463 541 548 600 cuius
573 541 666 618 partis
690 540 912 618 antiquissimae
939 539 1041 600 iulium
1069 541 1197 618 primum
1222 538 1240 598 d
1265 541 1359 599 varias

267 638 386 714 exhibet
401 639 612 717 inscriptiones
627 646 781 715 natasque,
802 656 927 716 quarum
941 636 1091 698 nonnullis
1110 636 1158 695 hic
1173 636 1270 697 locum
1291 656 1358 696 cun·
1466 705 1469 711 ¹

267 737 415 796 cedamus
453 744 541 815 atque
561 737 591 795 in
611 736 666 796 hcc
687 735 755 795 iulio
775 743 859 795 recto
880 735 988 815 iegitur
1002 754 1110 795 nomen
1126 737 1155 794 P
1171 736 1199 794 P
1211 739 1223 794 i
1236 738 1279 795 ln
1294 754 1311 795 a
1327 754 1360 815 up

267 834 374 895 litteris
398 833 483 914 longe
508 833 661 914 productis
689 834 826 912 idemque
856 851 963 892 nomen
988 834 1019 892 in
1043 833 1174 910 margine
1205 835 1359 911 superiore

267 951 360 1011 paene
385 951 510 992 erasum.
557 932 640 1012 plura
665 950 734 992 veru
760 933 869 1008 scripte
893 938 963 989 sunt
986 929 1016 988 in
1041 927 1144 988 eodem
1169 927 1238 988 iulio
1263 947 1359 1010 verso,

162 1114 165 1121 Ι
268 1039 298 1090 et
321 1033 450 1107 primum
474 1030 593 1110 quidem
617 1049 633 1091 a
657 1049 746 1090 manu
770 1047 846 1089 saec.
866 1025 906 1087 lX
930 1044 1033 1086 versus
1056 1021 1120 1105 hu)

357 1166 406 1226 Ad
428 1168 539 1227 boreae
558 1173 666 1242 partes
690 1166 773 1224 arcti
790 1168 951 1223 uertuntur
975 1168 1004 1221 et
1027 1163 1137 1234 anpuis

357 1266 429 1324 Post
451 1267 507 1324 laus
531 1267 679 1336 artosilaac
698 1263 843 1338 pariterq,
869 1277 985 1319 carana
1006 1275 1110 1332 penna,

343 1362 523 1436 ,Prolapsus
546 1364 615 1436 ipra
640 1361 704 1418 auis
728 1360 858 1434 cepheus
881 1365 911 1417 et
934 1359 1070 1432 cassiepia

357 1459 475 1532 Auripa
500 1464 529 1518 et
549 1475 642 1534 pseus
666 1458 798 1517 theltlien
822 1453 971 1526 dandran
996 1501 1125 1514 .....
1132 1447 1158 1536 ²)
1183 1462 1271 1515 astru

357 1557 493 1629 Pepasus
517 1562 547 1615 et
570 1557 701 1631 delphin.

357 1687 488 1748 Subinde
509 1690 634 1748 fortasse
654 1686 690 1747 ab
710 1688 812 1748 eadem
832 1704 920 1745 manu
940 1693 1075 1745 exaratae
1095 1693 1165 1745 sunt
1185 1704 1290 1764 preces
1304 1685 1358 1746 hae

267 1787 345 1845 notis
370 1788 491 1846 musicis
519 1788 697 1847 instructae:
736 1786 800 1846 Vnae
827 1788 1024 1846 exultationis
1052 1792 1081 1845 el
1108 1787 1215 1845 salutis
1243 1791 1272 1844 et
1300 1789 1360 1844 leta

268 1886 468 1944 iucunditatis
496 1891 598 1956 eterne
626 1887 796 1945 iuuentutis.
844 1886 882 1944 In
910 1885 1083 1943 tadnaculis
1112 1877 1184 1961 (sic)
1214 1885 1360 1942 iustarurn

264 2000 339 2058 pan.
382 1982 451 2041 Lux
475 1984 671 2056 iucundaque
694 1991 767 2059 etqs.
796 2016 832 2024 -
859 1986 1037 2056 anpeloruaa
1061 1983 1192 2041 cranium
1216 1984 1360 2042 uiuentem

268 2087 446 2153 repnantem
465 2087 498 2139 ut
517 2084 588 2139 letet
598 2097 626 2156 p
640 2071 744 2162 s0³)la
764 2074 916 2160 (saecula).
957 2080 1086 2157 denique
1105 2097 1121 2137 a
1141 2096 1230 2139 manu
1250 2077 1359 2157 byblio-

268 2175 391 2236 thecarii
415 2179 445 2236 in
470 2178 529 2238 imo
554 2177 624 2237 falic
649 2177 683 2236 dv
701 2176 872 2238 adnotatum
898 2183 956 2236 cst:
980 2178 1045 2236 Ila
1065 2174 1114 2236 e'te
1134 2194 1280 2257 reconna,
1303 2197 1361 2253 que

268 2292 303 2334 ce
326 2279 498 2336 manuscrit
521 2275 595 2336 c'tait
618 2275 758 2351 conpase'
778 2279 816 2335 de
839 2282 949 2350 quatre
967 2278 1051 2348 uinpt
1067 2273 1189 2350 seullets
1207 2293 1263 2334 sur
1281 2274 1360 2336 ue'lin

269 2372 420 2449 Mentpele
443 2366 516 2454 (sic)
540 2378 568 2434 le
590 2374 631 2432 19
656 2375 742 2433 Mart
764 2374 857 2434 1849.

357 2478 452 2540 Etiam
482 2479 544 2540 solii
573 2498 696 2540 numero
729 2479 744 2540 1
778 2482 917 2541 instructi
948 2481 1052 2559 pagina
1086 2481 1182 2540 antica
1212 2480 1360 2557 scriptura

268 2596 374 2638 manus
393 2577 472 2638 iilius
493 2596 567 2657 quiae
587 2596 690 2638 versus
705 2577 802 2639 Persii
822 2588 851 2640 et
866 2574 1014 2639 Iuvenalis
1034 2579 1163 2638 exaravit
1181 2585 1277 2658 vacat3
1301 2595 1360 2656 quo

276 2676 447 2736 factumest
466 2685 500 2736 ut
519 2675 608 2736 simili
627 2676 713 2736 modo
734 2695 821 2756 quam
840 2679 871 2736 in
890 2676 924 2736 dv
942 2679 1047 2756 pagina
1067 2678 1156 2736 variis
1176 2678 1261 2755 uirgis
1281 2694 1359 2736 ccm-

267 2772 346 2853 pleta
370 2775 417 2835 sit.
464 2773 572 2852 legitur
601 2776 680 2835 enim
708 2775 756 2835 hic
780 2794 897 2854 (puroque
927 2775 1005 2834 idem
1033 2792 1152 2834 carmen
1176 2776 1225 2834 Ad
1247 2776 1359 2835 boreae

264 2879 371 2947 partes
394 2916 402 2932 .
426 2921 432 2932 .
457 2920 463 2933 .
488 2871 547 2954 his,
571 2873 622 2934 sed
647 2892 663 2934 a
687 2892 774 2934 manu
799 2891 874 2932 saec.
899 2870 949 2931 IX.
974 2872 1066 2932 alteru
1090 2871 1155 2932 locu
1179 2873 1265 2933 etiam
1292 2891 1360 2932 can-

268 2970 415 3029 tinuatum

313 3104 448 3177 Pepasus
472 3113 502 3164 et
524 3107 646 3181 delphin
669 3109 753 3180 teluq,
777 3107 882 3180 aquila
906 3107 1003 3178 anpui
1025 3111 1134 3178 tenusp,

312 3200 449 3276 Sipnifer
474 3205 544 3262 inde
565 3204 674 3277 subest,
699 3205 743 3264 dis
765 3221 821 3264 seu
843 3205 926 3262 dunc
948 3205 1053 3263 sidera
1077 3206 1225 3279 complent

311 3291 435 3382 &Aries
459 3308 568 3360 taurus
588 3304 704 3374 pernini
726 3320 841 3362 cancer
864 3304 909 3361 lea
934 3303 1020 3374 uirpa

312 3397 408 3458 Libra
432 3445 439 3457 .
462 3402 583 3474 scorpio
607 3446 613 3458 .
638 3403 812 3460 [arcitenens
835 3401 1040 3475 capricornus
1063 3396 1090 3469 d
1113 3417 1195 3459 urna

316 3497 376 3567 Oui
397 3503 477 3556 tenet
500 3504 529 3556 et
548 3499 648 3572 pisces
668 3504 737 3572 post
758 3504 828 3557 sunt
852 3499 882 3557 in
901 3498 1045 3573 partibus
1068 3499 1170 3556 austri

317 3594 410 3653 Orien
427 3596 544 3668 pelian
567 3592 657 3668 defuis
682 3588 754 3677 (sie)
779 3596 893 3655 ardens
915 3597 1018 3670 syrius
1041 3611 1118 3668 arpa

312 3692 438 3766 Hydrus
457 3693 566 3752 chiron
585 3694 751 3753 turibulum
770 3708 849 3766 quaa,
864 3695 960 3768 piscis
981 3690 1023 3768 [et
1043 3695 1148 3766 inpens
1168 3711 1192 3752 a.
1209 3710 1245 3752 m.
1260 3710 1283 3750 s,
1300 3689 1337 3750 X.

314 3781 522 3869 Insequitur5)
542 3784 576 3868 sl!
588 3784 621 3868 ll]
632 3784 666 3870 ll)
677 3784 711 3869 sl]
728 3793 843 3865 pistrix
865 3793 956 3849 simul
976 3792 1145 3865 terraenae,
1165 3793 1291 3864 fluenta.

269 3947 343 4008 quos
372 3947 475 3989 versus
504 3932 613 4008 excipit
638 3940 886 4011 argumentum
920 3933 1076 3993 omnium
1107 3942 1309 3992 saturarum
1344 3950 1360 3990 a

269 4046 357 4087 manu
383 4045 458 4087 saec.
482 4027 532 4086 XV
556 4028 632 4088 inira
661 4029 857 4111 adscriptum,
887 4051 960 4111 quiae
991 4038 1156 4092 atramento
1182 4032 1268 4108 nigro
1292 4030 1360 4088 niti·

358 4210 384 4276 1)
404 4206 444 4262 cf.
464 4207 653 4278 Anthologiae
673 4209 780 4264 latinae
796 4209 849 4279 (ed.
863 4209 958 4280 Riese)
974 4229 996 4266 c.
1012 4229 1056 4266 no.
1072 4218 1131 4265 679.
1170 4213 1197 4280 2)
1216 4210 1277 4266 Hoc
1296 4210 1358 4266 loco

268 4286 371 4342 lacuna
390 4290 490 4343 exstat.
582 4293 609 4357 3)
630 4289 735 4344 lierum
754 4289 862 4345 lacuna.
954 4295 982 4362 4)
1001 4288 1121 4344 Addidit
1145 4291 1236 4346 altera
1259 4308 1359 4345 manus

268 4384 341 4421 saec.
361 4369 393 4423 X.
413 4371 484 4424 hinc.
560 4373 586 4440 5)
607 4368 682 4425 Corr.
703 4388 727 4424 a.
747 4389 783 4424 m.
803 4389 824 4426 s.
844 4371 877 4426 X.
897 4373 975 4428 Hinc
992 4373 1123 4441 seqnitur.
