3038 4934
639 312 860 376 -gg..

207 479 246 535 de
267 478 449 551 corporibus
475 475 633 534 lectionem
662 474 800 533 codicum
827 476 1073 554 interpolatorum
1099 480 1130 538 in
1158 479 1298 540 omuibus

206 573 388 633 editionibus
409 573 556 651 uulgatum
586 590 653 631 esse
676 572 776 650 video,
806 590 892 632 nemo
921 592 1006 653 roro,
1036 576 1067 635 id
1093 577 1173 654 quod
1203 581 1299 637 miror

206 673 372 748 scripturae
396 671 432 730 ab
455 672 568 749 optimo
586 668 664 728 libro
682 678 815 728 seruatae
838 688 856 729 e
878 675 1060 747 corporibus
1081 686 1224 753 patronus
1246 695 1298 734 ex·

206 770 296 848 stitit3
320 787 388 828 nam
405 787 564 845 superesse
582 776 611 826 et
631 769 670 826 de
688 770 794 841 otique
816 786 852 827 re
869 777 900 828 et
922 788 963 829 ea·
985 774 1090 846 aliquo
1112 792 1150 832 re
1166 775 1299 832 sermoni

205 867 296 927 latino
315 869 454 927 convenit
471 867 509 926 cl.
523 865 605 925 Caes.
624 863 657 924 Β.
671 863 705 925 G.
725 862 853 945 1:26‚5.
890 884 987 946 neque
1011 871 1112 949 inepte
1131 873 1298 948 comparari

205 973 304 1044 potest
319 965 397 1044 quod
412 963 533 1024 Ovidius
548 962 622 1023 dixit
636 964 733 1021 umor.
744 961 783 1022 lll
796 961 825 1040 9,
836 960 879 1024 39
888 982 931 1042 sq.
946 969 1035 1039 iacet,
1051 985 1131 1039 ecce,
1150 968 1299 1027 Tibullus:

213 1064 270 1124 l'r'x
284 1072 385 1123 monet
398 1083 415 1123 e
429 1071 488 1123 toto
504 1080 605 1139 parua
619 1061 701 1134 qnod
717 1077 798 1121 urna
815 1065 905 1142 capit,
924 1061 996 1122 ibid.
1007 1081 1047 1124 vs.
1059 1060 1101 1125 59
1117 1067 1154 1125 st
1165 1075 1265 1125 tomen
1281 1084 1300 1124 c

205 1163 291 1222 nobis
310 1209 316 1220 .
336 1210 343 1221 .
363 1210 370 1221 .
389 1167 492 1221 restet.
524 1194 562 1202 -
594 1160 629 1220 de
658 1156 742 1219 verbi
768 1178 925 1236 superesse
952 1161 1220 1223 usu'luvenaliano
1247 1162 1300 1220 ali-

205 1259 276 1337 quid
301 1261 376 1319 certi
399 1259 526 1339 proferri
550 1259 663 1336 nequit,
686 1275 754 1316 cum
777 1256 833 1317 boc
857 1258 921 1336 ipso
941 1276 1029 1336 quem
1050 1267 1212 1320 tractamus
1231 1259 1298 1318 loco

205 1366 329 1436 excepto
343 1364 481 1434 superest
493 1362 658 1432 supersunt
672 1357 735 1414 sim.
769 1372 885 1433 semper
900 1354 978 1415 nude
993 1359 1088 1435 posita
1107 1360 1299 1418 inveniantur

205 1454 283 1515 nulla
311 1455 528 1535 praepositione
556 1452 661 1513 addita.
708 1468 766 1530 quo
793 1453 886 1530 magis
913 1451 1071 1512 lectionem
1094 1457 1198 1532 optimi
1227 1454 1297 1513 libri

205 1552 416 1632 amplectamur
439 1570 561 1613 neccsse
586 1559 631 1610 est
654 1567 741 1628 quam
765 1550 791 1608 si
814 1549 965 1628 receperis
987 1552 1088 1610 nescio
1114 1568 1150 1609 an
1169 1551 1296 1610 ridicula

202 1651 261 1712 loci
284 1653 327 1712 vis
351 1659 417 1729 apto
440 1657 591 1729 augeatur.

81 1807 110 1840 111
122 1809 154 1841 ³21
163 1818 191 1848 a.
292 1781 471 1862 111321sq.
685 1788 861 1841 rutinorum
885 1798 949 1858 epit,
972 1783 1007 1839 ni
1024 1783 1120 1856 pudet
1145 1785 1221 1855 illas,

248 1886 399 1943 redietur
420 1883 536 1957 pelides
556 1882 674 1941 vertiam
697 1880 850 1952 caligatus
869 1879 912 1937 cd
935 1894 1036 1952 etpros.

203 2005 301 2066 verbis
325 2001 465 2067 ‘adiretur
488 1999 655 2080 caligattts’
681 2021 767 2082 qnam
793 2003 849 2061 vim
869 1999 992 2063 subesse
1012 2005 1181 2082 putaverint
1199 2004 1296 2065 llarlr·

202 2102 270 2163 land
289 2102 432 2182 Borghesi
451 2103 500 2162 alii
519 2121 578 2162 non
597 2084 710 2179 ignobo.
749 2098 800 2158 sed
820 2094 976 2159 ‘adiutor'
996 2118 1012 2157 c
1031 2118 1064 2160 re
1083 2101 1204 2162 militari
1223 2105 1295 2161 satis

202 2201 288 2280 longe
320 2203 465 2280 repetitus
499 2199 570 2280 quid
603 2198 661 2258 boc
695 2196 759 2255 loco
788 2193 843 2255 sibi
876 2193 945 2255 velit
973 2196 1080 2274 quidve
1110 2202 1230 2259 omnino
1258 2200 1296 2259 de

203 2293 360 2359 ‘adiutore
378 2291 574 2358 suturarum'
594 2293 783 2356 statuendum
803 2294 842 2352 sit
855 2292 941 2371 plane
962 2312 1008 2353 me
1024 2295 1127 2374 lugere
1143 2297 1295 2376 profiteor.

202 2397 323 2474 scripsit
337 2394 482 2455 luvenalis
503 2393 582 2473 quod
602 2411 660 2451 non
680 2389 810 2450 solumi
826 2409 841 2447 v
856 2387 939 2449 Vind.
972 2391 1024 2451 sed
1045 2396 1132 2454 etiam
1147 2393 1297 2454 Pithoe-

202 2511 292 2553 anus
324 2495 410 2553 testis
438 2491 668 2573 probatissimus
696 2486 819 2567 praebet
844 2481 999 2550 ‘creditor’
1025 2491 1156 2570 quidque
1184 2490 1297 2551 indica·

201 2593 278 2651 verit
299 2599 386 2669 pocta
415 2589 484 2650 licet
512 2608 571 2649 non
600 2587 837 2666 pronuntiaverit
867 2597 996 2666 apparot.
1044 2588 1185 2669 caligatus
1215 2594 1298 2652 enim
1373 2650 1382 2660 ,

202 2686 318 2748 auditor
343 2691 394 2767 qui
417 2691 448 2748 in
467 2686 580 2767 gelidos
600 2704 688 2765 agros
707 2687 795 2745 amici
814 2703 902 2744 cansa
921 2687 1122 2763 proficiscitur
1142 2697 1187 2749 est
1205 2690 1297 2750 homo

202 2785 326 2865 simplex
355 2789 486 2848 rusticus
514 2787 611 2845 nativo
642 2801 733 2844 sensu
764 2782 896 2843 nondum
925 2783 1099 2868 destitutus,
1133 2789 1297 2866 opponitur

200 2885 368 2945 auditorum
393 2901 519 2944 coronae
544 2881 622 2963 quali
642 2881 753 2941 Romae
776 2879 938 2941 utebantur
963 2876 1078 2942 ‘vates'
1102 2882 1245 2946 delicatae
1267 2889 1296 2946 ei

201 2989 288 3058 atquc
319 2983 435 3042 fucatae
468 2982 610 3041 orationis
641 2977 799 3039 blanditias
832 2981 974 3057 captanti:
1006 2982 1059 3040 bic
1085 2999 1183 3057 neque
1211 3001 1295 3045 more

198 3079 294 3152 probo
318 3079 421 3138 iridens
448 3097 504 3138 nec
532 3096 605 3138 voce
627 3094 737 3136 serena
762 3077 903 3149 Ingentes
933 3078 1091 3151 trepidare
1118 3079 1197 3141 rttos
1225 3098 1295 3142 cum

201 3177 342 3234 carmine
365 3177 496 3235 lumbum
521 3175 645 3234 Intrant
677 3178 707 3231 ct
739 3175 864 3233 tremulo
887 3175 1070 3248 sculpuntur
1102 3177 1157 3236 ubi
1187 3180 1295 3238 intime

200 3290 298 3333 versu.
345 3271 394 3332 tali
427 3291 462 3332 ex
492 3288 635 3332 consessu
662 3276 778 3348 poetam
808 3264 905 3329 ‘retici
934 3268 1180 3349 propereturum'
1209 3274 1295 3335 lacile

201 3369 258 3430 sibi
277 3369 436 3448 persuadet
449 3367 618 3429 Umbricius
637 3366 696 3446 ille,
717 3365 768 3428 sed
789 3369 898 3427 saturis
916 3366 1060 3428 nobilium
1079 3386 1188 3430 corona
1208 3375 1294 3448 qnasi

201 3484 318 3545 sempor
343 3469 458 3546 stipatis
481 3485 553 3526 num
577 3465 719 3544 caligatus
743 3463 860 3525 auditor
884 3465 1022 3524 sulficere
1046 3467 1140 3544 possit
1163 3466 1294 3545 ambigit.

108 3636 191 3676 nea.
290 3599 327 3659 lV
346 3599 418 3663 8ss.
459 3619 545 3663 nemo
567 3603 664 3661 malus
684 3598 763 3675 [elic
785 3601 906 3659 minime
929 3606 1093 3676 corruptor
1117 3607 1146 3661 et
1169 3601 1246 3660 t'dcm

246 3701 378 3760 incestus
400 3717 469 3760 cum
492 3717 550 3774 quo
574 3715 671 3774 nuper
694 3699 828 3757 vitiata
852 3697 973 3757 iacebat

245 3800 395 3871 sartguine
418 3798 521 3857 adbuc
543 3798 609 3855 cion
633 3801 748 3855 terrem
766 3796 906 3889 subituro
925 3797 1077 3856 sacerdos.

202 3923 244 3981 sic
258 3919 330 3980 lalm
344 3921 375 3979 in
389 3919 518 3979 editione
537 3920 638 3998 priore
654 3920 782 3997 scripsit,
801 3917 973 3978 lemmatum
987 3918 1144 3980 lectionem
1160 3929 1292 3983 secutus.

201 4027 304 4079 contra
327 4017 477 4078 Hermann
501 4016 658 4077 lectionem
689 4011 854 4075 ‘vitiatum'
878 4015 1040 4077 defendens
1059 4017 1136 4078 vind.
1152 4017 1211 4078 luv.
1226 4037 1254 4097 p.
1271 4018 1291 4080 8

201 4111 353 4177 ‘vitiatam
372 4110 522 4195 puellom’
547 4115 701 4175 altirmavit
720 4110 798 4173 ‘iam
817 4122 895 4174 tottts
913 4118 974 4175 loci
991 4122 1077 4176 tenor
1095 4118 1170 4177 satt's
1185 4119 1293 4194 prodit

200 4217 262 4274 nisi
282 4219 365 4290 quod
385 4234 444 4276 non
473 4217 533 4274 ium
556 4216 664 4273 tritiora
693 4219 761 4271 erut
784 4213 906 4286 qttcitdo
935 4229 1003 4271 cum
1032 4222 1215 4291 corruptore
1238 4233 1291 4275 cu·

202 4313 305 4386 babet,
328 4316 384 4375 secl
405 4317 462 4375 boc
486 4314 603 4372 demum
626 4311 789 4369 coercebitur
813 4310 996 4382 uitiobutur;
1027 4313 1161 4372 ciusdem
1189 4319 1291 4374 cutem

200 4414 300 4486 stupri
320 4415 409 4488 longe
432 4413 531 4471 dirior
549 4410 663 4485 specics
686 4409 773 4466 ortuo
792 4409 976 4482 proponitur
998 4410 1026 4467 εἰ
1043 4411 1192 4483 virginem
1216 4413 1290 4487 ipsis
