3038 4934
689 256 884 320 mc..

204 422 273 481 crisi
295 421 479 482 luvenaliana
500 423 717 482 constituerant
736 423 765 480 in
785 421 814 481 id
835 439 927 481 rrnrrm
948 422 1010 481 lere
1030 439 1076 481 me
1097 421 1269 482 incubuisse
1284 421 1377 482 libere

204 538 299 598 fateor
324 545 479 597 uteorum
499 536 672 615 disciplinae
692 536 853 615 probabilis
873 539 1022 615 interpres
1043 536 1175 599 viderer:
1198 540 1375 616 praesertim

204 671 272 714 cum
300 652 543 732 rebussingulis
572 655 632 714 sive
661 654 773 713 certius
802 654 863 713 sive
888 652 1004 731 plenius
1028 653 1185 712 alierendis
1214 653 1291 713 haud
1316 656 1375 713 exi-

204 787 295 848 guum
319 769 450 829 fructum
474 768 509 828 ad
534 768 598 828 illas
622 771 751 828 rationes
776 767 966 828 stabiliendas
992 778 1021 828 et
1040 767 1075 827 ad
1095 768 1184 828 verba
1209 778 1313 846 poetae
1333 788 1377 830 re-

205 884 352 945 censenda
376 883 613 945 redundaturum
637 886 693 944 viri
716 884 795 945 docti
820 893 938 944 nostrae
963 885 1068 943 aetatis
1088 883 1248 944 iudicarint
1267 903 1378 947 omnes.

293 999 351 1059 larn
376 1018 446 1060 vero
476 999 624 1078 querellae
649 1018 766 1079 semper
790 1003 921 1079 ingratae
941 999 977 1059 ab
997 999 1118 1059 exordio
1139 999 1258 1079 quidem
1278 1003 1378 1080 operis

204 1117 300 1176 nostri
322 1114 434 1196 absint,
462 1124 634 1194 apparatum
653 1123 751 1177 autem
772 1119 987 1194 criticumque
1007 1115 1077 1175 labn
1097 1123 1164 1175 ante
1184 1114 1238 1175 hos
1259 1118 1378 1196 triginta

205 1213 297 1291 annos
318 1239 433 1291 saturas
451 1230 596 1292 luvenalis
616 1233 770 1312 instruxit,
790 1232 859 1293 licet
878 1233 949 1292 viris
968 1231 1064 1292 doctis
1082 1231 1161 1292 illius
1180 1234 1323 1311 temporis
1343 1232 1378 1293 ab

205 1349 285 1406 omni
304 1356 387 1426 parte
408 1348 567 1428 suffecerit,
589 1366 775 1427 nequaquam
793 1350 834 1409 ita
849 1356 1051 1426 comparatum
1071 1365 1138 1407 esse
1157 1342 1291 1408 ut‘bodie
1308 1366 1378 1427 quo·

206 1481 263 1542 que
288 1462 431 1542 probetur
456 1465 602 1523 neminem
628 1467 679 1542 qui
698 1463 833 1525 versibus
853 1462 1047 1525 Iuvenalianis
1067 1464 1257 1523 emendandis
1277 1463 1378 1542 paulu·

206 1578 267 1639 lum
291 1580 460 1639 accuratius
483 1581 629 1639 vacaverit
653 1580 756 1658 lugere
780 1588 888 1659 potest.
930 1597 1017 1659 quam
1041 1596 1104 1638 rem
1129 1597 1143 1638 a
1167 1579 1269 1639 multis
1293 1581 1381 1639 variis

208 1693 303 1754 modis
333 1694 516 1754 decantatam
526 1688 551 1775 ¹)
580 1694 724 1755 hocloco
749 1695 933 1756 enucleatius
956 1702 1119 1756 retractare
1144 1695 1226 1775 nolo;
1255 1695 1382 1756 sulficiat

207 1811 368 1890 monuisse,
392 1810 420 1870 id
445 1810 523 1888 quod
548 1828 724 1890 unaquaque
750 1811 812 1871 lere
836 1811 970 1889 opusculi
997 1813 1091 1871 nostri
1119 1811 1231 1890 pagella
1256 1811 1382 1892 docebit,

209 1945 244 1985 ex
268 1932 312 1985 tot
336 1924 542 1986 collationibus
570 1925 671 1986 lahnio
696 1927 730 1987 ad
756 1945 843 1987 usum
867 1925 1062 2006 suppeditatis
1086 1945 1124 1987 ne
1148 1945 1236 1987 unam
1261 1926 1380 2005 quidem

208 2043 247 2100 ita
271 2042 434 2119 perlectam
458 2059 523 2100 esse
548 2049 581 2101 ut
600 2051 715 2102 certum
735 2041 771 2102 de
792 2043 916 2121 singulis
935 2043 1008 2103 locis
1027 2043 1169 2104 iudicium
1189 2043 1269 2103 ferre
1287 2045 1381 2122 possi-

209 2174 290 2237 muS‚
309 2155 416 2217 deinde
436 2175 532 2236 neque
553 2157 709 2217 meliorum
729 2176 826 2237 neque
846 2157 1028 2219 deteriorum
1049 2159 1184 2219 codicum
1204 2160 1308 2218 notitia
1327 2176 1382 2218 nos

209 2272 306 2333 adhuc
334 2275 406 2332 satis
433 2274 598 2334 instructos
627 2292 706 2349 esse,
739 2283 802 2335 tum
827 2292 902 2353 quae
926 2274 962 2335 de
987 2274 1127 2335 subsidiis
1151 2276 1263 2335 criticis
1288 2292 1383 2353 nuper

210 2388 335 2449 detectis
364 2391 532 2468 conscripta
556 2399 626 2451 sunt
650 2409 751 2469 sparsa
774 2392 872 2450 iacere
896 2409 950 2468 per
974 2390 1093 2450 annales
1117 2365 1382 2470 ephemeridesque

212 2516 308 2582 neque
339 2503 435 2565 adbuc
460 2505 515 2564 sub
539 2524 600 2566 uno
623 2514 785 2583 conspectu
810 2506 928 2567 redacta
952 2506 1105 2566 commode
1130 2509 1158 2566 in
1180 2525 1266 2567 usum
1287 2509 1382 2566 vocari

212 2637 309 2701 posse,
329 2619 457 2698 denique
473 2621 509 2681 de
525 2629 624 2682 textus
639 2621 772 2703 historia,
787 2640 844 2701 qua
860 2625 976 2702 cognita
991 2622 1063 2682 nihil
1084 2622 1119 2682 ad
1138 2623 1269 2682 rationes
1284 2640 1382 2682 emen·

211 2735 338 2796 dationis
380 2737 603 2797 constituendas
644 2741 701 2799 erit
739 2738 855 2818 utilius,
901 2737 1010 2798 nullam
1049 2737 1110 2798 lere
1147 2737 1383 2817 disquisitionem

212 2859 322 2911 motam
350 2871 430 2913 esse:
463 2855 502 2913 ita
530 2863 564 2914 ut
591 2854 647 2914 hoc
676 2854 723 2914 die
752 2857 839 2915 etiam
868 2855 904 2914 de
935 2853 1072 2913 omnibus
1101 2872 1177 2932 quae
1205 2855 1383 2919 adtentum

213 2965 375 3047 quemlibet
406 2969 624 3030 restituendum
661 2972 829 3030 necessario
866 2959 1063 3048 requiruntur
1096 2979 1158 3031 aut·
1179 2969 1253 3030 male
1286 2970 1384 3031 edocti

213 3085 306 3143 simus
330 3092 381 3144 aut
404 3086 524 3144 omnino
547 3087 656 3145 incerti
679 3084 862 3146 haereamus.

303 3198 397 3268 Quam
426 3202 576 3259 miseriam
601 3219 697 3280 neque
722 3219 781 3261 uno
805 3204 918 3279 impetu
942 3201 1005 3261 tolli
1030 3219 1126 3281 neque
1151 3201 1273 3261 medelis
1298 3200 1385 3260 modo

215 3313 270 3374 hac
293 3314 382 3374 modo
405 3314 452 3374 illa
478 3333 512 3374 ex
537 3316 620 3394 parte
644 3292 773 3377 advectis
797 3319 949 3395 persanari
973 3335 1060 3396 posse
1085 3335 1152 3377 cum
1172 3317 1244 3377 mihi
1264 3334 1384 3397 persua·

214 3433 329 3511 piscem,
353 3441 444 3491 totam
470 3434 621 3492 materiam
646 3434 733 3493 altius
757 3443 790 3493 ut
814 3443 980 3512 repeterem
1005 3417 1034 3493 et
1056 3433 1187 3493 lontibus
1207 3435 1279 3512 ipsis
1299 3433 1385 3492 aditis

214 3548 406 3626 lrruditusque
437 3547 587 3608 exhaustis
618 3548 723 3608 idonea
756 3567 846 3609 novae
884 3551 1066 3610 recensionis
1091 3557 1257 3609 saturarum
1283 3549 1384 3609 lunda-

214 3671 312 3723 menta
328 3663 426 3723 denuo
446 3664 651 3725 substruerem
671 3667 801 3725 animum
820 3665 931 3726 induxi.
968 3684 1026 3743 quo
1047 3667 1076 3724 in
1096 3667 1214 3743 negotio
1229 3673 1385 3743 postquam

214 3780 305 3839 trium
323 3797 468 3839 annorum
490 3789 622 3858 tempora
647 3780 799 3841 subseciva
824 3782 996 3860 consumpsi
1018 3783 1074 3840 iam
1100 3781 1242 3860 quidquid
1267 3780 1302 3840 ad
1325 3789 1386 3841 tex·

215 3902 278 3954 tum
311 3893 456 3955 Iuvenalis
494 3895 710 3956 recensendum
748 3897 872 3958 alicuius
912 3898 1052 3957 momenti
1086 3916 1150 3957 esse
1184 3905 1281 3975 potest
1314 3895 1387 3956 mihi

216 4019 334 4088 praesto
364 4028 429 4071 esse
458 4011 605 4071 alhrmare
634 4013 737 4072 ausim.
784 4012 986 4092 bybliothecas
1015 4015 1092 4073 enim
1118 4012 1177 4071 adii
1200 4010 1386 4071 Helvetiae

304 4183 314 4248 )
331 4179 371 4235 Of.
392 4180 484 4234 Ruehl
498 4179 637 4249 Philolog.
647 4179 726 4233 XXX
741 4186 792 4235 676
803 4198 843 4248 sq.
859 4183 888 4234 et
904 4180 1142 4252 ‘Koenigsberger
1160 4183 1244 4239 Wiss.
1264 4182 1388 4238 Monate-

216 4269 333 4325 bl‘atter’
351 4287 375 4326 a.
393 4276 470 4337 1879,
483 4276 532 4324 139
544 4287 617 4337 sqq.;
633 4268 666 4322 A.
677 4267 812 4323 Weidner
826 4268 856 4322 in
874 4271 962 4339 praef.
983 4271 1025 4326 ed.
1045 4289 1072 4340 p.
1093 4279 1139 4340 26,
1159 4273 1182 4327 J.
1198 4272 1275 4326 Wirz
1292 4271 1389 4326 Herm·

218 4359 270 4413 XV
285 4364 346 4426 440,
367 4358 493 4428 Stephon
513 4357 565 4411 ‘De
585 4355 749 4411 Pithoeanis
768 4357 798 4411 in
818 4359 978 4413 Iuvenalem
992 4359 1117 4414 scholiis’
1138 4379 1165 4430 p.
1184 4368 1223 4415 14.
