3038 4934
575 282 788 344 ..17..

135 471 187 513 san
211 452 282 511 ferri
306 451 409 529 possit,
433 464 551 506 errores
574 444 703 504 librariis
728 443 789 503 lere
809 441 967 502 familiares
986 440 1226 516 emendarentur,

133 550 184 611 scd
216 551 303 610 etiam
328 563 452 625 prorsus
478 562 569 603 novae
594 544 735 603 lectiones
761 540 849 601 verba
877 540 1016 600 versiculi
1042 537 1225 599 inculcaren-

134 660 184 708 tur
209 646 398 706 adderentur.
447 650 535 719 atque
560 651 712 701 corrector
740 640 789 700 ille
813 649 871 700 tam
903 648 1023 699 strenue
1057 636 1227 716 diligenter-

135 765 191 826 que
217 761 341 804 munere
361 760 415 802 suo
435 740 555 799 iunctus
575 748 629 817 est,
650 748 681 797 ut
699 738 787 797 hodie
807 737 884 796 haud
904 739 1006 814 paucis
1030 735 1102 794 locis
1122 733 1228 794 ductus

135 847 246 923 primae
271 857 376 900 manus
400 837 486 916 plane
510 853 611 895 erasos
634 836 790 915 dispicere,
815 835 878 894 aliis
904 833 973 912 quid
999 851 1014 892 a
1038 834 1131 911 prima
1157 830 1227 909 quid

137 941 172 999 ab
211 940 301 1000 altera
335 955 423 996 mann
456 935 623 1014 proiectum
656 936 695 994 sit
727 933 898 994 discernere
932 950 1070 1010 nequeas,
1121 930 1230 1008 quibus
1265 997 1267 1003 Ι

137 1037 227 1097 relius
251 1039 308 1096 etsi
331 1053 410 1094 nunc
435 1033 554 1111 quidem
578 1031 646 1091 libri
660 1032 842 1092 'conferendi
866 1033 1017 1109 negotium
1040 1027 1229 1107 impeditissi·
1255 1060 1256 1064 =

136 1154 217 1197 mum
238 1134 388 1211 reddatur,
413 1139 510 1191 tamen
530 1130 651 1208 plurimi
675 1130 731 1189 loci
755 1139 869 1190 restant
892 1129 1001 1208 quilms
1024 1131 1054 1188 in
1074 1126 1229 1186 collatione

104 1290 106 1295 ,
137 1233 237 1292 lalrnio
269 1231 305 1290 ad
338 1249 425 1290 usum
459 1227 644 1306 suppeditata
679 1229 795 1306 signum
827 1226 1042 1305 desperationis
1071 1226 1231 1285 asteriscus

140 1331 262 1408 legitur,
286 1326 439 1387 oculorum
464 1344 532 1385 vcro
557 1327 631 1386 acie.
646 1328 758 1387 intenta
784 1327 868 1386 modo
892 1328 988 1404 primo
1013 1325 1119 1384 obtutu
1144 1320 1231 1381 modo

142 1429 230 1485 variis
254 1424 324 1484 solis
348 1422 508 1483 luminibus
532 1422 681 1503 adhibitis,
705 1423 774 1502 quid
799 1427 911 1502 primae
937 1423 1006 1500 quid
1028 1422 1112 1481 alteri
1133 1420 1232 1479 manui

141 1523 283 1583 debeatur
313 1524 451 1598 cognosci
479 1531 590 1601 potest,
620 1531 707 1599 atque
736 1521 767 1582 hi
795 1523 982 1600 potissimum
1007 1521 1065 1580 loci
1089 1528 1173 1579 erant
1196 1517 1232 1576 de

144 1619 251 1699 quibus
276 1630 308 1679 ut
333 1638 420 1698 quam
444 1619 615 1698 plenissime
637 1629 667 1678 et
686 1623 908 1680 accuratissime
929 1628 1055 1678 testarer
1074 1619 1232 1696 praecipua

140 1736 203 1776 mea
232 1721 261 1777 in
286 1718 362 1777 libro
386 1717 567 1777 conserendo
592 1716 765 1776 versabatur
789 1736 869 1776 cura
878 1710 902 1797 l)

227 1815 338 1873 Eodem
349 1816 434 1873 sere
423 1824 556 1892 ternpore
572 1817 659 1874 etiam
671 1816 779 1873 saturis
789 1814 885 1872 Persn
896 1805 1111 1872 emendandis'
1122 1811 1319 1896 manus⁰⁰mm¹
1302 1811 1393 1904 φᾚζζ

140 1911 282 1988 qtracdam
302 1913 413 1970 vacavit
433 1905 544 1993 (neque
564 1921 661 1970 tamen
681 1929 714 1969 ea
736 1921 789 1989 est,
813 1929 887 1989 quae
907 1913 938 1970 in
956 1909 1103 1970 luvenalis
1122 1910 1265 1968 saturistu
1263 1873 1393 2004 ruffini
1470 1922 1474 1934 ·

140 2010 218 2068 tristi
234 2027 287 2067 suo
309 2026 432 2068 munere
448 2001 640 2097 fungebatur)
656 2017 744 2085 atque
758 2008 828 2067 licet
847 2027 905 2068 non
920 2019 1001 2069 tanto
1017 2009 1153 2087 operein
1163 2006 1232 2066 Per·

141 2108 216 2165 sium
243 2107 381 2166 saevierit
405 2115 515 2185 quanto
539 2105 587 2164 illa
611 2107 641 2164 in
666 2105 832 2165 Iuvenalem
858 2106 902 2165 vel
926 2109 955 2166 in
979 2107 1033 2166 hac
1058 2114 1140 2184 parte
1165 2103 1234 2163 libri

141 2206 253 2282 primae
277 2212 307 2264 ct
335 2204 457 2264 alteritus
481 2222 586 2262 manus
610 2205 775 2284 scripturae
799 2205 971 2264 difficillime
1000 2205 1233 2282 distinguuntur.

144 2304 274 2362 correxit
302 2310 400 2362 alitem
429 2301 502 2361 haec
531 2301 622 2360 altera
650 2320 755 2362 manus
779 2313 894 2363 saturas
918 2302 1013 2362 Persii
1037 2299 1234 2362 secundum

142 2400 325 2478 exemplar
350 2398 526 2478 quoddam
551 2399 704 2458 alterius
728 2403 971 2480 recensionis,
995 2401 1029 2460 ad
1056 2416 1142 2478 quarn
1167 2395 1235 2455 libri

141 2493 418 2574 llorrtepcssulaners
437 2494 503 2556 212
523 2506 552 2556 et
572 2494 729 2556 Vaticanus
749 2494 850 2557 306H
869 2501 1030 2576 pertinent.
1068 2497 1147 2576 quod
1167 2511 1234 2554 curn

144 2611 180 2652 ex
210 2596 288 2651 notis
311 2590 459 2651 lahnianis
490 2593 666 2650 novissimae
696 2593 817 2654 editioni
846 2596 995 2673 adspersis
1020 2614 1079 2656 non
1108 2593 1249 2672 patefiat,

144 2717 357 2726 m..

235 2767 260 2833 1)
280 2761 409 2816 Iahnium
428 2761 542 2830 quidem
560 2761 653 2830 ipsum
671 2763 747 2816 haud
765 2782 899 2835 magnam
917 2767 1060 2821 nonnullis
1079 2764 1148 2819 locis
1168 2779 1235 2830 suae

143 2842 303 2896 collationis
333 2859 393 2896 esse
417 2842 502 2894 fidam
524 2841 622 2911 fugere
645 2859 701 2895 non
724 2844 819 2911 poluit
840 2864 932 2914 neque
955 2848 1028 2900 hanc
1047 2843 1236 2913 suspicionem

141 2923 216 2977 notis
236 2922 426 2991 compluribus
447 2922 484 2975 ad
503 2922 611 2975 scholia
628 2921 808 2991 potissimum
826 2927 1033 2995 pertinentibus
1052 2924 1162 2979 celavit.
1191 2940 1236 2976 ae-

143 3003 285 3057 curaliora
307 3019 373 3056 vero
397 3002 432 3056 de
456 3001 617 3056 collationis
640 3001 724 3056 huius
748 3005 912 3061 condicione
936 3025 1045 3061 summa
1063 3004 1237 3059 liberalitate

142 3101 252 3138 mecum
270 3082 489 3137 communicavit
507 3082 654 3151 Adelphos
674 3084 822 3140 Michaelis
845 3088 889 3141 vir
908 3088 1100 3155 doctissimus,
1120 3103 1193 3154 quae
1213 3084 1237 3137 si

142 3163 188 3216 hic
208 3163 342 3217 addidero
357 3164 452 3236 forsan
466 3166 580 3231 gratum
594 3181 638 3217 me
652 3164 756 3218 faciam
771 3167 938 3237 legentibus.
961 3171 1042 3223 ‘Deru
1055 3168 1235 3224 Pithoeanus'

144 3244 243 3297 scribit
261 3244 364 3297 litteris
384 3243 455 3296 mihi
474 3242 549 3296 datis
569 3260 593 3296 a.
614 3243 639 3296 d.
655 3244 701 3299 Ill.
724 3246 761 3300 ld.
776 3247 842 3301 Dec.
859 3266 882 3302 a.
901 3255 969 3303 1884
990 3252 1073 3305 ‘liutto
1092 3269 1120 3304 er
1140 3250 1236 3317 (Iolco)

144 3325 271 3389 eielfoch,
289 3327 353 3378 aber
370 3332 434 3379 stets
452 3326 592 3394 carpebam
610 3327 800 3396 rruclrpespdrt,
819 3331 860 3382 bis
877 3332 1237 3384 eronJooum·1845cou

147 3402 273 3455 GBHose
291 3405 323 3455 iu
336 3404 420 3457 Poris
438 3406 541 3470 ersuhr,
559 3407 607 3458 cler
623 3405 712 3459 Codes
725 3409 764 3460 sei
778 3409 809 3461 ire
823 3409 1000 3478 Montpellier
1013 3428 1075 3464 retro
1093 3410 1239 3463 Vorselteire

144 3483 306 3550 peleommcu,
324 3484 383 3535 rerrd
401 3500 467 3552 pern
486 3486 541 3549 crof
555 3485 647 3536 descen
670 3486 817 3556 Vorsclelop
836 3490 974 3558 eleplenp,
992 3491 1042 3542 illu
1060 3490 1147 3543 durch
1164 3489 1238 3541 Hrn.

146 3562 246 3615 Berlin
273 3564 438 3632 oerpleirloen
462 3580 497 3617 ru
524 3565 619 3617 laesere.
657 3565 700 3618 dtr
728 3567 787 3633 bat,
814 3569 878 3621 dass
901 3569 955 3622 Ην,
978 3570 1079 3622 Berlin
1105 3573 1238 3639 premerer

146 3641 293 3694 Sicleerleer't
315 3659 405 3710 erepere
423 3643 467 3695 die
487 3641 623 3696 Colloteon
640 3646 672 3697 in
690 3647 748 3698 er'ree
766 3647 894 3716 Aeespobe
912 3651 1053 3718 er'ntropen
1070 3654 1158 3718 rudpe,
1173 3650 1238 3721 ,dies

144 3722 258 3790 pesrlmlr
282 3721 346 3774 oder
364 3723 452 3788 redolet,
470 3722 588 3775 sordere
607 3724 660 3777 Ην,
680 3726 780 3779 Berlin
798 3730 910 3780 rtotierto
929 3728 972 3780 die
996 3728 1149 3781 Vorr'onten
1166 3728 1238 3781 recole

145 3803 193 3855 der
211 3802 365 3855 Pitleoeunn
383 3819 436 3855 *ron
454 3805 526 3854 1585
544 3805 576 3855 ire
594 3805 679 3856 cirtem
698 3806 800 3872 Briese.
840 3806 921 3860 Trois
943 3808 991 3862 der
1013 3809 1238 3862 ouedrriolrlr'clrere

150 3882 361 3950 Versicherrrrrp,
388 3883 451 3934 does
478 3882 522 3934 die
546 3882 742 3953 Verpler'cleuup
768 3886 818 3939 mit
844 3892 960 3954 prdsster
979 3888 1101 3957 Sorpfolt
1118 3889 1239 3958 pertracto

144 3964 192 4028 sei,
210 3963 260 4015 soh
278 3962 335 4014 sicle
353 3963 421 4015 dode
439 3963 514 4015 Jolm
531 3964 617 4029 sofort
630 3980 665 4017 ru
679 3967 787 4034 einipcn
800 3967 946 4036 Antiopen
959 3970 1119 4034 oeroulosst,
1136 3969 1239 4021 echeint

145 4044 202 4096 siole
225 4043 387 4095 sclrliesslr'ole
411 4043 475 4096 uber
494 4045 534 4096 boi
553 4045 600 4096 der
621 4044 756 4098 Collatino
774 4048 897 4117 lieretlrr'pt
915 4065 949 4102 ru
966 4050 1068 4118 leuben,
1090 4049 1134 4102 dle
1152 4046 1238 4100 durch

145 4125 203 4176 eine
221 4124 320 4175 credere
338 4139 372 4176 ru
391 4130 507 4177 arsetam
525 4141 554 4176 er
572 4126 641 4177 auch
659 4126 746 4178 credor·
764 4127 807 4179 die
822 4127 914 4180 Miner
927 4129 996 4180 recole
1009 4129 1053 4180 die
1070 4127 1239 4195 Gelepeulrer't

145 4204 226 4256 hatte.
265 4203 345 4255 Eudo
365 4207 437 4255 1848
461 4204 567 4272 depono
589 4221 617 4257 er
640 4205 692 4257 deu
710 4206 807 4259 Druck
832 4209 877 4260 des
895 4208 1023 4274 ,iuveniat
1045 4209 1137 4260 descen
1157 4207 1239 4260 Teate

76 4350 80 4357 ι
141 4282 176 4348 jo
193 4298 263 4351 ponz
281 4284 433 4336 wesentliclr
451 4285 495 4337 die
515 4285 661 4338 bertinoclre
682 4285 816 4338 Collatino
835 4288 880 4340 des
894 4287 1062 4339 Pr'thoenrucs
1076 4301 1110 4339 ru
1126 4286 1240 4340 &rende

146 4362 230 4431 liept.
247 4406 252 4416 .
269 4364 287 4416 .’

199 4462 273 4514 Busa,
287 4463 432 4512 spicilegium
445 4465 625 4504 Iuvenalianum.
699 4520 705 4532 ι
1062 4461 1077 4508 2
