3038 4934
614 280 828 343 -47-

179 440 273 501 bonae
298 443 482 502 recensionis
506 441 653 521 supplevit
674 459 787 521 versus,
811 460 870 502 nou
891 443 1037 522 supplevit
1056 443 1167 503 scholia
1192 462 1267 522 quae

176 558 294 619 semper
323 558 390 600 cum
415 539 634 618 exemplaribus
658 539 752 599 bonae
781 542 964 601 recensionis
994 543 1150 602 coniuncta
1175 541 1268 600 luisse

177 646 207 698 et
229 640 385 699 universae
409 639 568 698 memoriae
589 639 723 698 condicio
743 645 870 697 testatur
890 647 918 698 et
937 637 1005 699 libri
1025 641 1141 700 servati.
1179 656 1266 716 quam

175 737 320 796 rationem
355 739 448 815 ipsam
484 735 708 797 difficultatibus
743 753 802 795 666
842 754 944 797 661616
982 738 1066 797 166116
1105 738 1266 816 661661616;

177 851 274 912 neque
298 835 369 912 quid
399 834 435 894 dc
464 832 541 893 loliis
571 834 739 892 novissimis
769 832 945 912 exemplaris
974 844 1123 896 extremos
1151 842 1268 895 saturae

176 929 240 990 XVI
259 950 363 992 versus
387 931 559 992 tenentibus
583 939 747 991 statuamus
771 940 908 1010 apertum
932 934 971 993 fit.
1015 952 1089 1012 quae
1114 934 1193 992 siin
1217 930 1267 991 illu

175 1028 277 1089 codice
301 1029 423 1108 abrepta
448 1039 541 1108 erant,
564 1047 619 1089 cur
643 1046 701 1088 uon
725 1027 865 1088 librarius
884 1049 919 1089 cx
940 1030 995 1090 alio
1015 1030 1090 1090 libro
1110 1030 1268 1109 descripsit

132 1204 136 1208 Ι
176 1134 208 1186 ut
236 1146 340 1188 versus
364 1127 414 1187 Vll
437 1124 610 1188 129-158
639 1123 791 1187 restituit?
837 1130 882 1187 616
911 1130 1000 1190 etiam
1029 1138 1146 1189 ceteros
1174 1126 1267 1186 libros

175 1227 234 1285 iem
260 1234 321 1285 tum
347 1227 611 1286 116666166161666
638 1226 802 1305 putaveris,
826 1233 916 1286 totam
941 1226 1036 1287 labem
1061 1226 1095 1286 ed
1116 1227 1267 1305 antiquius

176 1322 328 1401 exemplar
347 1325 460 1383 1616166
480 1324 623 1403 cedetque
639 1340 761 1384 necesse
781 1331 828 1382 661
848 1325 922 1384 16116
937 1326 1015 1383 16161
1035 1322 1145 1384 scholia
1165 1325 1266 1383 nescio

178 1438 236 1498 quo
261 1439 332 1481 casu
354 1423 461 1481 omissa
481 1429 511 1481 et
530 1441 688 1483 numerum
702 1438 843 1480 versuum
862 1420 930 1480 inde
951 1441 966 1481 a
985 1421 1035 1481 Vll
1057 1418 1119 1482 159
1140 1439 1265 1498 sequen·

177 1519 250 1577 tium
276 1522 444 1597 cqnstituta.
482 1521 596 1580 accedit
615 1520 694 1600 quod
718 1538 755 1579 ne
780 1504 886 1579 calculi
910 1519 1063 1598 quideme
1083 1517 1266 1578 Bueclrelero

176 1614 314 1677 subducti
338 1636 405 1678 cum
429 1617 541 1678 ambitu
572 1637 713 1678 versuum
741 1625 770 1677 61
798 1617 1053 1696 subscriptionum
1089 1625 1266 1694 congruunt.

176 1732 242 1774 nam
266 1723 300 1775 ut
323 1715 458 1794 exemplo
482 1716 593 1776 codicis
618 1716 773 1776 Pitlroeaui
802 1724 938 1776 accurate
963 1723 992 1774 61
1016 1714 1173 1793 diligenter
1196 1732 1264 1773 666-

176 1814 280 1890 scripti
300 1823 432 1894 utemur,
456 1832 560 1874 versus
585 1815 652 1874 iude
679 1833 695 1872 6
718 1812 768 1872 Vll
792 1809 852 1873 158
879 1830 973 1891 usque
1003 1811 1038 1870 ad
1062 1810 1126 1870 XVI
1141 1808 1184 1871 60
1208 1830 1265 1871 666

176 1910 338 1971 secundum
364 1907 937 1990 06666616116616661611666612040,
968 1909 1020 1969 sed
1046 1928 1114 1969 cum
1141 1911 1267 1986 iuscrip-

175 2009 269 2068 tiones
293 2012 363 2069 66116
389 2009 519 2088 prolixae
548 2010 614 2087 plus
638 2010 727 2069 unius
753 2027 856 2069 versus
881 2010 1009 2086 spatium
1038 2009 1157 2085 exigant
1180 2004 1267 2067 2045

176 2105 237 2164 6616
262 2106 391 2186 explent.

264 2204 579 2283 Circumspicientibus
609 2206 694 2266 nubis
723 2205 772 2264 ubi
797 2213 861 2264 tuto
890 2204 995 2282 pedem
1025 2221 1169 2280 ponamus
1193 2222 1209 2263 6
1233 2223 1265 2263 16

174 2303 270 2361 visum
294 2311 342 2363 est
365 2303 400 2363 ab
425 2304 644 2383 exemplaribus
668 2306 838 2363 coniectura
863 2302 969 2361 edictis
994 2301 1091 2361 redire
1115 2301 1149 2360 ad
1174 2300 1266 2361 libros

174 2397 260 2456 nobis
281 2408 413 2460 servatos
432 2412 520 2478 atque
540 2420 611 2479 pree
631 2404 739 2462 ceteris
760 2403 909 2479 respicere
930 2418 1018 2477 quem
1038 2401 1124 2459 crisis
1143 2399 1266 2460 luvena-

174 2495 268 2552 liauae
293 2499 376 2572 quasi
399 2498 549 2557 cardinem
574 2499 816 2576 praedicavimus,
835 2498 944 2557 librum
960 2498 1163 2577 pithoeanum,
1183 2516 1266 2576 pree-

175 2592 276 2650 sertim
310 2610 378 2652 cum
411 2595 441 2652 in
473 2593 528 2652 bac
560 2613 679 2673 quoque
713 2597 884 2673 quaestione
916 2594 1025 2673 aliquid
1058 2595 1133 2655 lucis
1164 2615 1199 2655 ex
1231 2614 1265 2655 6ο

173 2687 409 2750 redundaturum
428 2693 493 2750 iure
518 2695 692 2771 speraveris.
734 2701 821 2770 atque
841 2694 898 2751 iem
923 2711 1012 2772 supra
1036 2701 1135 2753 actum
1159 2701 1205 2754 est
1229 2693 1265 2753 de

172 2785 296 2860 singulis
321 2787 566 2864 quaternionibus
586 2807 714 2867 quorum
731 2791 923 2849 novissimum
943 2789 1011 2850 lolia
1033 2788 1163 2851 72-t9
1184 2809 1263 2850 com·

172 2883 260 2960 plecti
282 2883 410 2944 diximus
430 2885 498 2945 lolio
519 2884 562 2947 80
582 2896 683 2965 postea
702 2888 816 2948 adsuto.
855 2887 986 2948 nondum
1006 2908 1076 2948 vero
1096 2889 1262 2967 praedicavi

170 2981 200 3040 id
215 2982 292 3061 quod
310 2984 423 3043 monitu
442 2983 489 3043 vel
503 2986 628 3043 maxime
644 2985 764 3063 dignum
781 2995 835 3067 est,
854 2989 1089 3049 novissimum
1110 2991 1264 3049 omnium

172 3087 374 3140 saturarum
399 3100 540 3143 versum
565 3080 691 3144 xv160
719 3083 789 3162 legi
813 3087 847 3144 in
872 3095 1033 3146 extremo
1058 3087 1136 3147 colo
1167 3089 1264 3166 pagi-

171 3196 235 3237 nae
255 3178 416 3259 ultimee‚
440 3180 475 3239 in
495 3180 568 3240 line
589 3185 844 3260 quaternionis
864 3182 1008 3265 decimi,
1032 3203 1117 3263 ergo
1136 3187 1171 3244 in
1191 3186 1263 3244 1166

172 3277 286 3334 161166
308 3275 394 3336 libri
423 3280 572 3356 antiqui.
620 3282 706 3340 cuius
730 3279 873 3340 ambitum
901 3281 1027 3341 lortesse
1051 3300 1176 3342 numero
1200 3300 1263 3340 ver·

172 3389 259 3431 suum
282 3375 333 3450 qui
351 3375 560 3436 conscribendi
575 3387 660 3437 erant
680 3385 817 3438 accurate
839 3378 1062 3439 accomodatum
1083 3398 1148 3438 esse
1168 3380 1264 3456 suspi-

172 3471 257 3550 ceris,
280 3489 383 3531 verum
407 3491 512 3533 versus
532 3476 618 3554 erasi,
642 3484 745 3554 postca
764 3473 881 3557 adiecti,
905 3476 960 3537 alie
978 3477 1086 3537 indicia
1110 3476 1263 3536 librarium

168 3558 257 3628 buius
281 3571 324 3628 rei
349 3570 458 3631 nullam
483 3574 628 3632 rationem
647 3572 786 3634 habuisse
807 3574 977 3636 ostendunt.
1015 3573 1044 3633 id
1065 3583 1163 3635 autem
1183 3575 1261 3654 quod

168 3684 203 3726 ex
227 3665 282 3726 bac
305 3666 374 3728 libri
398 3672 610 3749 novissimique
634 3674 838 3749 quaternionis
864 3680 968 3732 natura
997 3672 1158 3734 concludes
1187 3673 1259 3734 alios

168 3782 297 3845 quoque,
321 3776 372 3827 aut
396 3767 499 3827 saltem
524 3768 613 3829 alium
638 3771 788 3832 exstitisse
818 3772 1042 3849 quaternionem
1072 3774 1103 3831 in
1132 3791 1191 3851 quo
1216 3791 1260 3832 sa·

168 3869 253 3922 turae
277 3872 377 3923 sextae
402 3863 532 3924 decimae
558 3856 765 3944 argumentum
790 3880 985 3946 propagatum
1010 3870 1100 3931 166111
1124 3870 1203 3930 66116
1228 3888 1259 3929 16

168 3959 273 4021 melius
301 3960 446 4040 probetur
477 3980 563 4041 quam
598 3963 659 4023 lolii
689 3961 732 4026 80
760 3964 934 4027 condicione
959 3968 1037 4047 quod
1066 3968 1170 4029 lolium
1200 3969 1261 4027 1616

168 4066 287 4119 centum
308 4061 392 4119 anuis
411 4068 479 4139 post
502 4060 648 4122 adnexum
668 4082 733 4124 esse
753 4073 882 4127 constat:
906 4086 998 4146 quare
1022 4086 1090 4128 cum
1110 4067 1259 4144 tegumina

168 4158 344 4217 recentioris
368 4160 474 4218 aetatis
498 4160 557 4219 sint
581 4159 733 4237 probabile
757 4163 790 4223 lit
813 4162 953 4224 solutos
977 4165 1093 4224 161666
1117 4172 1261 4243 quater·

168 4254 321 4335 616666,’
340 4259 505 4316 amissam
535 4275 616 4316 6666
644 4258 730 4320 libri
758 4259 917 4321 ultimam
946 4270 1082 4340 partem
1108 4260 1261 4320 scholiis

166 4361 357 4414 carentem.
395 4358 504 4415 summi
518 4374 587 4415 vero
605 4360 746 4419 momenti
761 4359 791 4418 in
810 4359 864 4419 bac
880 4379 912 4419 re
928 4359 1118 4439 disceptanda
1133 4360 1260 4439 videtur,
