3038 4934
599 313 817 382 —73'—

166 489 275 542 statuta
295 481 414 542 domum
434 483 546 542 comica
565 498 668 542 versus
687 479 754 540 Xlll
776 478 839 542 163
858 482 901 540 vis
921 480 1030 562 elucet3
1055 499 1151 559 neque
1170 480 1255 540 aliam

167 581 411 659 significationem
431 578 554 639 subesse
574 578 637 638 loco
653 577 705 638 Xll
721 575 763 640 tt
778 578 862 639 lacile
877 579 1030 639 concedas.
1072 597 1131 657 qno
1146 596 1255 639 sermo·
1340 608 1343 615 ·

168 680 215 738 nis
239 697 294 738 usu
319 677 474 738 observato
498 679 529 736 in
553 676 680 736 lectione
706 676 812 737 tradita
837 681 942 737 laeuae
965 678 1155 755 acquiescere
1178 675 1256 756 licet,

167 776 266 854 possis
290 775 428 856 supplere
443 779 549 836 laevae
568 793 587 835 a
603 781 695 851 parte
713 777 840 855 synicesi
859 793 918 835 non
938 774 1052 835 duriori
1066 793 1152 855 quam
1168 791 1255 833 versu

166 872 229 932 XIV
244 869 296 955 90,
315 873 379 933 aliis
402 881 521 934 statuta.
558 872 633 933 bene
657 881 756 934 antem
779 882 813 933 ut
836 872 920 932 libris
939 872 1201 952 praestantissimis
1220 869 1255 929 ab

165 973 244 1031 omni
272 979 357 1050 parte
390 972 571 1032 sufficiamus
601 990 633 1031 se
662 970 749 1030 babet
774 970 917 1031 ablativus
940 989 976 1029 ex
1000 988 1082 1030 more
1115 968 1255 1032 luvenali-

166 1087 221 1128 ano
256 1069 334 1130 nude
358 1071 473 1149 positus
493 1069 572 1129 velut
596 1065 743 1130 11111186
767 1071 852 1130 lectis
875 1071 996 1129 diversa
1015 1073 1108 1144 parte
1131 1069 1248 1127 tabellis

164 1167 292 1245 deniqne
317 1167 368 1227 ubi
386 1174 478 1243 parte
497 1185 590 1245 paene
609 1169 639 1227 in
659 1166 831 1229 adverbium
851 1167 995 1245 temporis
1018 1163 1090 1226 abiit
1104 1163 1144 1223 lll
1160 1161 1198 1224 71
1212 1181 1255 1243 sq.

166 1273 195 1324 et
216 1272 358 1326 seruatae
382 1266 477 1325 Parte
501 1268 576 1325 anni
597 1269 701 1340 anates
721 1264 850 1340 fuerant
868 1269 900 1325 in
918 1266 1028 1324 vitibus
1050 1281 1136 1326 uuae.

255 1377 318 1437 Vlll
339 1375 430 1438 lssss.
516 1383 658 1440 miserum
681 1386 726 1440 est
748 1383 878 1441 aliorum
900 1382 1076 1440 incumbere
1095 1376 1208 1454 famae,
1268 1396 1316 1430 v111
1328 1397 1383 1432 aa...

211 1494 249 1535 nc
272 1479 417 1551 conlapsa
440 1484 534 1537 ruant
556 1478 713 1538 subductis
737 1485 817 1539 tecta
840 1481 994 1539 columnis.

209 1578 325 1635 stratus
348 1576 432 1633 bonai
449 1579 566 1650 palmes
589 1578 697 1636 viduas
721 1578 912 1637 desiderat
934 1580 1037 1636 nimos.

165 1693 200 1753 ad
220 1713 321 1754 vocem
342 1699 497 1757 desiderat
515 1699 599 1775 signo
619 1697 716 1758 addito
737 1716 753 1757 a
771 1700 866 1778 prima
885 1699 915 1757 ni
934 1697 1018 1756 lallor
1038 1715 1125 1757 manu
1141 1699 1256 1758 descin-

168 1794 255 1852 deret
286 1794 316 1851 in
350 1782 480 1871 margine
518 1794 699 1873 adscriptum
728 1804 773 1855 est
800 1795 877 1875 quod
909 1813 962 1874 per
991 1814 1022 1855 se
1051 1796 1122 1855 lerri
1146 1796 1258 1876 nequit,

167 1907 269 1949 verum
299 1891 426 1952 tortasse
457 1893 532 1951 viam
562 1894 657 1952 munit
685 1894 718 1952 ad
747 1893 904 1954 lectionem
932 1892 1009 1953 bavtd
1033 1891 1258 1971 improbabilem

169 1987 388 2068 capessendam.
432 1989 555 2050 subesse
585 1992 664 2049 enim
691 1999 764 2070 puto
793 2001 950 2070 corruptae
979 1993 1044 2050 voci
1067 1993 1260 2051 descinderet
1319 2014 1323 2020 ·

167 2088 368 2167 desideret,
393 2107 451 2166 quo
476 2089 626 2167 aptissime
646 2088 736 2149 altera
755 2092 851 2168 imago
874 2090 968 2167 priori
991 2089 1167 2169 adnectitur,
1190 2107 1258 2149 cum

165 2185 308 2263 imagines
327 2185 392 2246 illae
412 2196 475 2246 arte
499 2185 692 2247 cohaerentes
717 2185 918 2248 distrabantur
941 2187 1108 2262 indicativo,
1131 2185 1259 2264 pendeat

169 2284 257 2342 etiam
281 2291 342 2344 tota
365 2285 513 2344 sententia
536 2283 636 2344 altera.

253 2404 318 2463 Vlll
339 2403 400 2468 108
412 2425 450 2466 ss.
1269 2438 1317 2472 v111
1330 2439 1394 2472 socan.

211 2504 299 2562 Nunc
321 2506 412 2564 sociis
436 2506 509 2580 iupa
529 2523 634 2580 pauca
657 2507 754 2586 bourn,
775 2526 856 2582 pren
876 2526 993 2584 paraus
1016 2525 1165 2583 equarum

210 2606 239 2660 et
257 2607 351 2676 pater
374 2605 506 2662 armenti
527 2609 616 2677 capto
640 2607 827 2679 eripiatur
850 2609 956 2685 apella,

210 2699 269 2773 ipsi
291 2700 400 2759 deinde
423 2701 512 2773 iares,
535 2703 564 2760 si
585 2703 667 2775 quod
688 2704 851 2777 spectabile
873 2706 1001 2777 sipnurn,

168 2839 326 2882 numerum
345 2823 524 2901 singularem
548 2827 701 2900 eripiatur
724 2824 776 2886 nbi
800 2825 922 2886 verbum
947 2826 1088 2894 subiectis
1107 2828 1258 2904 postponi-

167 2929 216 2982 tur
248 2920 329 2980 nullo
358 2920 444 2980 modo
475 2921 549 2981 ferri
575 2939 663 3000 posse
691 2941 784 2984 vinnm
812 2919 995 3006 lljaerium¹)
1025 2924 1133 2984 vidisse
1157 2926 1259 3006 miror,

166 3018 244 3098 quod
274 3037 344 3080 vero
373 3028 441 3099 post
468 3018 557 3080 boum
584 3022 702 3099 gravius
731 3023 915 3100 interpungit
930 3015 967 3105 (ς)
996 3032 1025 3083 et
1051 3030 1140 3106 capto
1161 3026 1258 3097 apello

166 3117 295 3178 dativum
328 3135 393 3178 esse
427 3119 530 3178 statuit
562 3121 662 3179 nescio
695 3138 732 3181 an
765 3138 828 3180 rem
856 3119 1026 3200 impeditam
1054 3121 1146 3199 magis
1170 3122 1258 3181 etiam

165 3215 314 3293 illaqueet.
361 3217 436 3275 viam
465 3224 563 3276 avrtem
593 3218 802 3279 emendatioris
825 3217 900 3279 liber
923 3219 1104 3279 Pithoeanns
1128 3221 1191 3298 ipse
1215 3220 1258 3278 in-

166 3310 244 3378 dicat
268 3313 320 3389 qni
339 3313 457 3390 quidem
478 3330 494 3371 a
513 3315 608 3391 prima
623 3333 710 3376 manu
726 3319 807 3394 eripi
823 3312 937 3398 fissilis)
952 3336 1055 3378 rasura
1074 3313 1163 3377 3-4
1181 3316 1257 3377 litte·

167 3426 267 3471 rarum
292 3408 368 3468 lacta
392 3407 516 3487 praebet
539 3412 569 3471 in
594 3431 681 3490 quam
706 3422 858 3475 corrector
877 3417 959 3477 ieiur
977 3416 1113 3496 intrusit3
1136 3413 1259 3494 pluralis

170 3507 249 3568 enim
278 3506 349 3586 quid
378 3514 446 3585 post
475 3501 570 3586 ‘pater
593 3506 734 3572 armenti'
763 3511 820 3573 sibi
842 3513 931 3574 vellet
958 3531 1017 3573 non
1043 3512 1187 3573 intellexit
1213 3513 1259 3573 vir

167 3604 241 3664 male
256 3602 371 3678 doctus,
386 3607 556 3682 eripientur
570 3608 670 3690 igitur,
685 3628 744 3669 non
759 3614 932 3689 eripiantur
947 3607 1137 3672 scribendum
1151 3629 1259 3672 censeo

166 3702 280 3764 collatis
309 3703 446 3764 versibus
475 3703 526 3764 Vll
554 3702 598 3765 94
610 3725 653 3786 sq.
684 3711 752 3783 quis
782 3728 877 3772 nunc
911 3711 969 3771 tibi
996 3709 1163 3772 Maecenas
1192 3713 1259 3786 quis

165 3821 260 3864 nnnc
284 3806 357 3863 erit
380 3811 434 3863 aut
457 3805 636 3867 &aculeius
660 3815 715 3867 aut
736 3808 851 3868 Fabius
869 3856 876 3869 .
891 3855 898 3868 .
913 3852 942 3869 ..

255 3926 317 3986 Vlll
338 3924 450 3988 121ss.
503 3935 675 3993 curandum
698 3935 844 4010 imprimis
867 3952 906 3994 ne
928 3950 1041 4007 mappa
1064 3935 1181 3993 iniuria
1200 3935 1317 4005 natvm
1330 3951 1396 3984 121⁸·-

206 4026 340 4101 sortibus
363 4034 394 4088 et
414 4030 542 4089 miseris.
588 4034 675 4092 tollas
698 4034 769 4092 iicet
791 4047 876 4091 omne
899 4034 981 4110 quod
1002 4049 1130 4106 usquam
1152 4037 1197 4090 est

210 4128 284 4184 anri
305 4128 406 4200 adque
429 4131 553 4202 arpenti
573 4136 691 4190 scutum
713 4132 910 4206 audiamque
932 4133 1129 4204 relinques.

165 4247 222 4308 boc
249 4249 421 4347 vaticinium
449 4250 631 4331 interpretes
663 4255 743 4314 varie
771 4255 962 4336 commentati
992 4260 1075 4334 sunt,
1107 4252 1156 4313 alii
1186 4270 1258 4331 poe-

242 4413 268 4482 1)
287 4411 306 4468 1.
325 4429 349 4470 a.
367 4431 395 4483 p.
411 4417 470 4467 193.
