3038 4934
603 285 818 348 „49-

165 452 349 529 schriften
372 453 486 514 leicbt
513 451 709 511 erbtacren
738 452 859 509 tossen
886 450 991 508 suchtc
1014 447 1185 507 zunuccbst
1207 447 1257 505 dle

166 552 272 612 Kritilc
295 554 345 611 dte
369 557 450 611 erste
472 549 568 608 Hand
589 550 686 608 dieses
712 547 815 606 Codex
838 539 1057 606 herzustellen'
1082 553 1176 621 etqsq.

256 649 465 710 Verumtamen
485 648 612 706 resnou
632 647 670 704 ita
690 643 775 721 plana
794 650 883 723 atque
903 642 1024 722 simplex
1041 649 1094 723 est,
1114 647 1147 702 ut
1161 643 1257 720 primo

167 749 274 809 obtutu
294 765 360 807 esse
379 745 496 804 videtur
516 761 612 822 neque
632 741 740 801 dosunt
759 741 868 820 quihus
888 743 1017 801 rationes
1037 740 1122 800 modo
1142 741 1257 817 exposi-

168 855 214 908 tae
237 848 267 906 in
292 844 415 905 dubium
439 849 582 901 vocentur
601 840 645 899 vel
671 839 894 899 labefactentur.
930 843 995 898 iure
1016 838 1134 916 quidem
1153 836 1258 896 hodie

167 943 299 1004 codicem
317 942 400 1002 illum
420 941 668 1019 pretiosissimum
687 938 779 997 totius
797 939 956 996 memoriae
973 935 1174 996 luvenalianae
1195 935 1259 993 lon-

169 1051 229 1101 tem
244 1059 277 1100 ac
293 1040 517 1101 fundamentum
533 1036 650 1117 habeas,
671 1036 721 1114 qui
737 1053 805 1094 cum
825 1034 919 1094 honae
935 1035 1119 1094 recensionis
1138 1033 1259 1110 vestigia

170 1141 295 1198 servarit
315 1137 399 1216 plura
419 1153 505 1215 quam
526 1135 617 1195 ceteri
635 1133 713 1210 libri,
728 1131 920 1210 interpolatae
940 1149 1058 1210 quoque
1078 1131 1260 1189 recensionis

172 1244 257 1295 notas
285 1237 374 1295 traxit
404 1233 560 1312 plerasque
593 1231 629 1291 ab
663 1230 754 1291 altera
783 1249 871 1290 manu
898 1229 1064 1289 innumeris
1097 1227 1169 1287 locis
1197 1244 1261 1285 cor·

172 1343 282 1393 rectus.
320 1331 371 1392 scd
394 1331 449 1391 hae
472 1330 715 1409 interpolationes
739 1330 872 1389 intrusae
903 1335 973 1388 sunt
996 1324 1114 1385 saeculo
1138 1324 1262 1402 decimo,

173 1437 288 1490 exstant
312 1447 380 1489 vero
410 1431 524 1506 integra
548 1427 680 1506 exempla
709 1427 867 1486 deterioris
889 1425 993 1487 classis
1021 1441 1096 1502 quae
1119 1425 1181 1501 ipsa
1206 1424 1262 1481 etsi

173 1526 274 1587 codice
288 1526 450 1586 Pithoeano
466 1544 524 1585 non
540 1527 702 1585 vetustiora
716 1533 814 1585 tamen
829 1523 878 1584 illo
893 1522 971 1584 haud
988 1521 1081 1582 multo
1096 1522 1263 1581 recentiora

171 1634 254 1704 sunt,
284 1625 431 1684 servantia
455 1642 488 1683 ea
517 1642 576 1683 non
601 1622 695 1682 solum
724 1622 866 1682 lectiones
899 1621 1056 1681 admodum
1087 1617 1264 1697 probabiles,

172 1739 275 1782 verum
304 1724 392 1782 etiam
421 1739 525 1780 versus
554 1739 628 1799 quos
656 1723 687 1779 in
711 1719 761 1779 illo
789 1719 865 1779 libro
894 1737 999 1779 manus
1031 1719 1127 1795 prima
1156 1717 1264 1793 omisit,

172 1821 315 1897 genuinos
349 1838 415 1878 essc
444 1817 530 1878 stilus
559 1827 662 1896 poetae
694 1827 724 1877 et
752 1819 967 1878 sententiarum
996 1834 1128 1876 conexus
1152 1813 1264 1873 clamat.

173 1934 243 1994 ergo
271 1917 400 1977 dilticilis
428 1917 559 1994 satisque
588 1917 724 1976 intricata
752 1922 799 1975 est
826 1914 914 1975 huius
938 1916 983 1974 rei
1011 1913 1147 1974 enodatio
1179 1912 1265 1970 cuius

173 2032 231 2073 una
253 2017 299 2075 via
322 2023 415 2075 restat
439 2033 526 2093 quam
552 2012 611 2074 salli
635 2032 693 2073 non
717 2012 820 2073 videor
843 2015 869 2073 si
891 2012 948 2073 hoc
973 2013 1034 2072 lere
1058 2008 1146 2069 modo
1170 2009 1262 2068 inter·

172 2120 284 2189 pretor.

262 2208 430 2269 iuvenalem
450 2210 528 2269 enim
548 2208 616 2269 inde
632 2228 648 2269 a
664 2209 781 2268 saeculo
801 2227 879 2269 nono
899 2209 1064 2270 lectitatum
1080 2205 1265 2284 saepissime·

173 2324 231 2384 que
247 2307 430 2386 descriptum
446 2325 512 2366 esse
528 2324 595 2367 cum
610 2306 666 2366 alia
679 2308 786 2367 indicia
803 2307 930 2385 probant
945 2315 1008 2367 tum
1022 2306 1081 2384 ipsi
1096 2303 1163 2362 libri
1175 2309 1266 2362 testes

173 2412 245 2463 sunt
269 2403 505 2464 vindobonensis
535 2402 728 2483 Pithoeanus,
756 2404 882 2464 Parisini
904 2404 977 2484 duo,
1001 2401 1267 2478 CantabrigienseS,

175 2499 238 2579 alii,
272 2499 417 2559 accedunt
449 2498 516 2558 libri
549 2499 696 2577 deperditi
723 2499 921 2578 Sangallensis
949 2501 980 2561 ll.
1001 2495 1109 2560 neco
1139 2495 1267 2575 (Becker

175 2596 301 2675 catologi
329 2597 443 2675 antiqui
471 2614 498 2676 p.
518 2592 561 2656 35
584 2615 632 2658 no.
651 2590 730 2677 314)
759 2597 851 2657 codex
881 2597 1084 2678 bybliothecae
1113 2594 1267 2655 cuiusdam

175 2692 411 2773 Francogallicae
441 2686 569 2776 (Becker
592 2714 620 2774 p.
639 2688 697 2774 41)
708 2689 731 2774 ¹)
757 2712 831 2772 quos
856 2695 947 2756 libros
970 2696 1132 2756 Pithoeano
1156 2691 1267 2752 similes

174 2793 267 2852 luisse
291 2790 443 2871 probabile
468 2801 522 2872 est,
546 2810 683 2851 necnon
708 2793 801 2851 codex
825 2792 990 2854 Otaviensis
1014 2787 1099 2875 (ibid.
1114 2811 1142 2870 p.
1157 2788 1208 2869 64,
1223 2785 1268 2872 4),

175 2899 330 2969 praeterea
362 2892 425 2950 sine
456 2889 545 2950 dubio
577 2888 623 2950 alii
663 2889 801 2968 catalogis
836 2910 911 2951 saec.
938 2891 964 2950 X
993 2891 1124 2951 exhibiti.
1171 2907 1268 2966 neque

175 2993 320 3049 minorem
349 3007 450 3049 curam
484 2991 593 3049 saturis
622 2987 768 3048 luvenalis
797 2988 978 3068 explicandis
1010 2992 1173 3068 impensam
1202 3006 1267 3048 csse

176 3099 206 3149 et
229 3097 328 3147 vetera
352 3086 463 3147 scholia
491 3085 541 3146 illo
571 3095 706 3164 tempore
730 3086 846 3166 vulgata
870 3098 900 3148 ct
929 3088 1061 3148 deterius
1090 3095 1269 3146 commenta-

177 3187 289 3246 riorum
321 3203 415 3263 genus
446 3183 589 3264 ostendit,
623 3186 708 3244 cuius
742 3187 886 3264 originem
920 3186 955 3245 ad
989 3186 1111 3245 candem
1143 3192 1267 3244 aetatem

177 3283 343 3342 referimus.
389 3282 441 3341 sed
472 3300 508 3341 ex
537 3281 674 3341 omnihus
698 3280 782 3341 libris
806 3282 854 3342 illo
880 3293 1012 3362 tempore
1037 3283 1181 3342 conlectis
1209 3289 1268 3340 tam

178 3397 287 3459 paucos
312 3398 347 3439 ex
371 3379 473 3438 codice
492 3379 624 3439 melioris
644 3379 746 3439 classis
771 3380 891 3440 haustos
911 3399 1022 3459 eosque
1042 3378 1138 3459 quoad
1159 3380 1269 3437 scimus

177 3494 280 3538 omnes
304 3487 456 3537 correctos
480 3495 545 3536 esse
575 3495 632 3536 non
662 3488 707 3536 cst
736 3477 813 3555 quod
843 3480 1000 3560 miremur,
1029 3475 1268 3556 quandoquidem

177 3575 247 3636 libri
278 3594 314 3634 ex
343 3581 460 3634 vetusto
493 3574 542 3633 illo
576 3574 736 3652 exemplari
768 3572 887 3634 deducti
920 3574 995 3633 male
1027 3572 1160 3632 distincti
1188 3571 1268 3632 lectu

176 3673 310 3753 impediti
334 3671 512 3733 lectionibus
537 3675 635 3733 minus
654 3673 748 3752 planis
772 3671 876 3732 relerti
899 3669 1153 3751 posthahehantur
1172 3689 1269 3730 exem·

176 3769 309 3849 plarihus
333 3788 408 3849 quae
432 3769 570 3830 omnibus
598 3770 644 3829 his
669 3766 779 3831 ‘vitiis'
804 3778 1008 3831 correctorum
1039 3786 1128 3846 opera
1152 3768 1270 3828 liberati

177 3876 271 3929 erant.
322 3867 429 3947 quodsi
462 3870 552 3946 igitur
585 3869 674 3929 alium
708 3867 839 3928 codicem
874 3887 909 3928 ex
941 3868 1103 3929 Pithocano
1134 3867 1268 3927 mutilato

266 4061 293 4129 1)
324 4058 456 4113 Fortasse
478 4057 579 4122 Vallae
613 4055 767 4125 exemplar,
799 4057 845 4110 vel
877 4074 941 4111 cum
969 4075 1002 4112 eo
1032 4057 1127 4124 aliqua
1158 4053 1268 4107 ratione

177 4138 338 4206 cohaerens,
354 4138 488 4206 quoniam
498 4140 530 4191 ut
538 4137 675 4191 librorum
689 4136 790 4192 divisio
805 4138 931 4193 ostendit
946 4139 982 4191 od
996 4137 1140 4191 meliorem
1150 4134 1268 4187 classem

176 4217 338 4286 pertinebat
361 4217 530 4286 scholiisque
554 4234 618 4272 eum
641 4217 810 4272 instructum
832 4219 920 4273 fuisse
938 4217 1084 4288 probabile
1104 4217 1158 4268 est:
1182 4215 1267 4281 atquc

176 4297 277 4352 Veliae
296 4297 491 4354 commentarii
513 4296 561 4350 vix
584 4295 663 4350 tertii
686 4296 753 4350 libri
776 4301 901 4352 suturam
924 4296 1076 4351 secundam
1100 4293 1274 4362 attigerunt(

177 4376 229 4450 (df.
248 4378 326 4433 Iahn.
346 4379 388 4434 ed.
408 4378 473 4433 min.
492 4397 520 4448 p.
540 4381 577 4448 6.)

229 4478 305 4532 Bm,
317 4478 462 4528 spicilegium
476 4479 657 4520 Iuvenalianum.
1092 4471 1109 4519 4
