3038 4934
652 303 866 367 „52-

215 466 465 529 vindobonenses.
489 486 565 528 saec.
584 467 624 526 IX
647 467 794 547 ineuntis,
818 465 869 525 scd
893 466 942 546 ita,
965 471 999 524 ut
1018 463 1196 525 lectionibus
1215 467 1309 525 inter-

213 564 328 642 polatae
352 565 455 626 classis
479 564 689 626 accedentibus
708 565 832 624 mixtum
851 561 999 642 quoddam
1018 581 1113 641 genus
1132 580 1308 641 repraesen-

213 670 285 722 tent.
328 680 364 721 ex
388 662 410 722 P
430 681 500 722 vero
523 664 581 722 iam
605 661 758 723 decurtato
782 661 868 721 llrrxit
891 659 944 740 X„
969 661 1021 738 qni
1043 662 1107 738 ipse
1127 658 1309 720 lectionibus

214 756 371 819 deterioris
400 759 503 820 classis
527 761 652 820 intrusis
676 766 844 819 ceterorum
867 758 1012 818 librorum
1037 758 1103 818 fons
1127 765 1174 818 est
1195 756 1308 816 haben-

213 856 277 917 dus.
323 860 354 917 in
379 877 437 937 quo
462 857 538 917 libro
562 857 706 918 lectiones
730 856 852 917 alterius
876 855 979 916 classis
1001 856 1046 915 vel
1069 857 1308 935 suprascriptas

212 954 258 1014 vel
274 956 305 1014 in
321 958 453 1035 margine
469 955 602 1035 adpictas
621 956 713 1015 luisse
733 953 884 1034 probabile
904 962 962 1034 est,
982 953 1129 1033 quomodo
1149 970 1219 1013 vero
1238 952 1308 1012 inde

216 1053 406 1131 interpolatio
428 1061 559 1132 grassata
584 1055 623 1113 sit
646 1052 713 1113 libri
736 1054 795 1132 ipsi
816 1061 886 1112 sunt
904 1058 1010 1111 testes:
1033 1052 1127 1129 magis
1146 1051 1257 1111 sinceri
1277 1058 1307 1111 et

214 1150 249 1210 ad
279 1152 403 1211 mixtum
436 1169 530 1230 genus
562 1153 686 1230 propius
719 1151 895 1211 accedentes
923 1156 993 1209 sunt
1016 1147 1084 1208 libri
1109 1166 1125 1208 a
1148 1147 1250 1208 lahnio
1275 1151 1306 1207 in

212 1265 299 1307 usum
318 1249 422 1327 vocati,
442 1249 560 1309 fuerant
579 1250 642 1308 sine
663 1247 752 1308 duhio
772 1247 921 1326 exemplar
935 1245 1072 1323 Danielis,
1088 1245 1182 1306 codex
1196 1245 1304 1326 Vallae,

210 1346 286 1406 liber
310 1365 345 1406 ex
365 1365 424 1424 quo
444 1345 581 1406 lemmata
600 1345 765 1424 glossarum
785 1364 800 1406 a
820 1345 914 1405 Keilio
934 1344 1079 1404 editarum
1100 1343 1204 1403 hausta
1225 1352 1306 1404 sunt.

211 1446 326 1505 iamiam
351 1443 488 1503 omnihus
511 1444 748 1522 interpolationis
772 1445 851 1503 vitiis
875 1451 969 1503 scatet
992 1442 1076 1521 longa
1101 1443 1195 1502 series
1213 1441 1305 1501 lihro-

210 1561 277 1603 rum
302 1543 498 1622 deteriorum,
523 1544 574 1621 qui
597 1543 762 1604 innumeris
785 1540 929 1620 exemplis
952 1539 1062 1619 vulgati
1085 1541 1178 1619 magis
1197 1540 1304 1618 magis·

210 1659 268 1719 que
287 1640 324 1700 ab
348 1640 398 1701 illo
422 1640 502 1701 fonte
525 1639 564 1720 X,
589 1641 707 1701 distant.

299 1738 412 1810 Quodsi
435 1740 527 1817 igitur
550 1738 653 1798 rivulis
678 1757 713 1799 ex
737 1737 827 1798 altera
853 1736 946 1797 classe
970 1738 999 1797 in
1024 1737 1146 1797 alteram
1165 1735 1305 1796 deductis

209 1836 266 1896 hic
296 1836 377 1896 illic
406 1837 482 1896 forte
516 1835 632 1896 fortuna
661 1837 725 1896 lieri
753 1837 851 1915 potuit
878 1843 912 1896 ut
939 1854 975 1896 ex
1004 1833 1189 1913 interpolatis
1218 1833 1304 1894 libris

209 1934 318 2014 aliquid
343 1935 407 1995 veri
435 1936 465 1994 in
489 1932 561 1993 illud
586 1932 737 2012 exemplar
760 1933 796 2014 X,
823 1935 884 1993 sive
911 1935 942 1993 in
970 1932 1059 1993 alium
1091 1950 1303 2012 quemcunque

209 2032 344 2094 codicum
373 2032 555 2092 deteriorum
584 2038 714 2090 statuere
742 2032 786 2090 vis
810 2031 921 2091 fontem
949 2031 1176 2110 transferretur,
1203 2031 1304 2090 minus

209 2138 289 2190 recta
310 2128 498 2190 traderentur
517 2126 719 2207 aPithoeano,
737 2127 826 2187 huius
845 2129 940 2205 ipsius
959 2127 1071 2188 codicis
1089 2126 1243 2187 librarium
1264 2146 1300 2187 ex

208 2235 325 2287 vetusto
353 2229 469 2306 integro
493 2227 605 2305 optimo
629 2223 790 2302 exemplari
813 2231 928 2286 textum
951 2226 1099 2307 hausisse,
1129 2226 1301 2286 fidelissime

208 2332 296 2403 atque
330 2325 404 2385 adeo
432 2331 465 2384 ut
493 2321 619 2382 vidimus
648 2340 741 2400 paene
770 2322 924 2402 pueriliter
954 2326 1125 2384 memoriam
1156 2342 1302 2404 servasse,

208 2421 280 2482 nihil
304 2423 340 2483 de
365 2441 419 2483 suo
443 2421 590 2482 addidisse
610 2427 735 2482 constat.
777 2438 834 2499 qua
855 2421 891 2481 de
911 2440 999 2482 causa
1020 2424 1046 2482 si
1063 2422 1207 2483 iudicium
1232 2440 1302 2481 nos·

208 2529 286 2581 trum
301 2523 404 2600 paucis
419 2518 708 2599 comprehendimus,
722 2521 852 2581 rationes
867 2521 1082 2582 emendationis
1096 2519 1302 2581 Iuvenalianae

207 2617 369 2679 Hermanni
392 2619 485 2679 lahnil
516 2625 578 2679 arte
610 2620 802 2698 constitutae,
835 2636 931 2698 nuper
960 2618 1082 2679 Vahleni
1110 2619 1299 2698 potissimum

207 2719 325 2796 ingenio
349 2717 500 2797 praeclare
523 2716 662 2778 defensae
687 2735 722 2776 eo
745 2718 838 2794 magis
862 2717 980 2776 firmare
1003 2717 1087 2777 licuit
1106 2735 1164 2796 quo
1183 2715 1300 2796 plenior

208 2817 282 2876 lacta
306 2825 352 2877 est
376 2826 477 2877 nostra
500 2816 636 2877 codicum
657 2817 786 2895 cognitio
806 2822 836 2875 et
856 2817 955 2874 verior
974 2817 1166 2875 existimatio:
1185 2823 1219 2874 ut
1239 2832 1300 2873 non

206 2915 326 2992 impune
359 2934 413 2975 nec
443 2916 506 2975 sine
535 2933 641 2995 magno
666 2915 751 2975 crisis
775 2912 978 2974 Iuvenalianae
1003 2912 1109 2973 damno
1128 2910 1299 2972 discedatur

206 3013 291 3069 avia
324 3019 354 3070 ot
386 3011 541 3091 disciplina
576 3015 657 3071 omni
687 3029 723 3070 ex
758 3019 842 3088 parte
871 3008 1010 3071 stabilita.
1057 3009 1109 3070 sed
1137 3010 1237 3088 potius
1265 3018 1300 3068 ut

206 3106 406 3168 Ritsoheliano
435 3107 484 3168 illo
508 3117 576 3169 utar
598 3109 818 3186 incipiamus
842 3125 857 3166 a
881 3107 1061 3168 credendo
1086 3125 1142 3187 qua
1166 3109 1211 3167 via
1236 3106 1298 3165 sola

205 3208 235 3266 ln
264 3208 366 3284 quavis
394 3215 456 3267 arte
486 3207 654 3287 proficitur:
687 3205 842 3266 credamus
872 3206 1055 3286 aliquantum
1085 3206 1177 3267 tribui
1208 3223 1297 3283 posse

206 3307 364 3365 memoriae
394 3323 469 3383 quae
497 3311 558 3364 tam
585 3303 642 3364 alte
670 3304 817 3382 repetitur
846 3312 879 3364 ut
906 3306 1000 3383 prima
1029 3322 1122 3383 eaque
1146 3301 1223 3362 haud
1248 3320 1298 3362 ex·

205 3404 271 3480 igua
297 3405 361 3463 eius
384 3404 507 3481 vestigia
527 3421 563 3462 ne
583 3403 710 3463 dotorum
730 3400 850 3480 quidem
871 3402 1058 3463 saeculorum
1073 3403 1168 3480 spatio
1183 3399 1296 3460 distent

205 3499 241 3558 ab
265 3502 329 3580 ipso
353 3509 453 3581 poeta,
483 3503 532 3561 oui
555 3499 635 3561 nulla
661 3519 692 3560 re
717 3499 823 3560 melius
846 3520 901 3561 nos
924 3501 1066 3579 prodesse
1091 3497 1181 3559 credo
1205 3515 1295 3576 quam

205 3599 230 3655 si
263 3597 342 3658 illins
376 3598 469 3659 lelicis
501 3598 676 3659 hereditatis
708 3616 853 3658 memores
886 3605 916 3658 et
944 3616 959 3657 a
988 3604 1087 3658 textus
1118 3595 1297 3656 verecundia

205 3698 356 3773 progressi
393 3697 524 3758 studioso
561 3696 761 3779 intellegendo
797 3694 934 3773 religiose
971 3695 1173 3756 conservando
1211 3701 1298 3754 cauto

205 3791 366 3852 dubitando
391 3813 453 3854 rem
477 3813 532 3873 pro
557 3813 609 3855 sua
634 3796 760 3874 quisque
784 3804 868 3874 parte
891 3812 1109 3873 promovemus.
