3038 4934
651 267 865 330 „24-

213 432 353 511 catalogis
375 429 519 491 librorum
543 448 631 490 manu
656 432 836 508 scriptorum
857 429 1059 509 bybliothecae
1075 431 1217 491 Corvinae
1237 431 1308 492 libri

214 533 265 609 qui
279 529 414 589 Persium
434 527 480 587 vel
494 526 661 588 Iuvenalem
681 527 850 587 exhibuerit
868 546 924 587 nec
942 529 1006 588 vola
1027 547 1081 588 nec
1097 525 1304 613 vestigirrm¹);

213 647 270 708 qua
295 627 330 687 de
355 645 444 686 causa
467 629 492 686 si
512 628 631 686 omnino
646 628 790 686 rationem
806 625 952 704 quandam
968 628 1046 686 inter
1062 637 1161 687 notam
1176 627 1256 688 illam
1275 639 1307 688 et

213 745 315 806 regem
329 725 497 804 Hungariae
513 731 643 784 statuere
658 724 848 804 voluerimus,
868 723 903 783 de
918 723 1031 784 librarii
1050 724 1238 784 adnotatione
1254 729 1307 804 qui

214 825 346 886 codicem
362 824 441 902 regis
456 825 541 882 iussu
552 822 721 882 describere
736 824 864 882 instituit
874 824 1037 900 cogitarim.
1053 822 1190 902 denique,
1201 842 1238 883 ne
1249 824 1307 883 hoc

213 923 461 1003 praetermittam,
486 921 511 979 si
535 920 627 980 codex
651 920 686 979 ad
711 919 925 999 bybliothecam
949 920 1026 980 illam
1050 923 1195 998 pertinuit
1218 921 1306 1000 paulo

215 1029 282 1101 post
311 1021 461 1098 tegumina
490 1018 576 1078 solito
601 1036 682 1078 more
707 1020 787 1078 corvi
811 1020 938 1096 imagine
962 1027 1064 1078 ornata
1088 1019 1186 1079 avulsa
1211 1022 1307 1098 iisque

215 1137 290 1198 quae
313 1117 401 1176 hodie
426 1116 534 1176 librum
558 1123 720 1194 contegunt
740 1114 874 1194 suppleta
894 1125 972 1176 sunt.
1010 1125 1143 1177 ceterum
1159 1126 1219 1177 tota
1234 1117 1308 1177 haec

215 1217 251 1275 de
281 1215 370 1275 variis
398 1216 540 1292 mirisque
569 1213 727 1273 itineribus
755 1213 823 1272 libri
847 1212 999 1273 Pithoeani
1028 1213 1123 1274 labula
1149 1233 1184 1274 ex
1208 1215 1308 1275 verbis

215 1315 309 1391 ipsius
333 1311 413 1371 Petri
437 1311 554 1371 Pitlroei
576 1313 606 1371 in
631 1311 688 1370 line
713 1314 917 1371 commentarii
937 1313 1051 1390 antiqui
1074 1312 1195 1390 prolatis
1219 1314 1307 1391 origi·

216 1429 283 1471 nem
312 1412 436 1470 traxisse
465 1409 595 1469 videtur:
629 1401 827 1491 ε(εειεεηιρίαν)
857 1412 939 1483 quod
965 1412 1002 1470 de
1025 1411 1181 1491 gBudeust's
1210 1414 1309 1471 clodis

139 1518 145 1526 ⁴
215 1512 353 1583 reliquus
386 1511 417 1567 to
451 1507 633 1568 Thussr'loois
665 1510 817 1581 quondum
851 1510 938 1567 ducis
970 1511 1145 1568 coenobium
1178 1513 1309 1569 relatum

212 1607 309 1684 fuisse
337 1625 377 1667 ex
400 1606 539 1666 Muttine
567 1608 722 1680 adscripto
750 1608 868 1665 nomine
893 1604 988 1680 focile
1012 1609 1163 1667 adductus
1185 1624 1251 1666 sum
1275 1616 1309 1666 ut

216 1698 399 1779 crederem,
424 1722 499 1782 quae
523 1704 747 1782 perversissima
772 1720 852 1782 esse,
876 1701 1031 1762 Pithoeum
1056 1706 1112 1763 iam
1136 1706 1233 1782 ipsum
1262 1705 1308 1763 vel

216 1804 304 1862 etiam
328 1803 394 1861 eius
422 1801 543 1861 fratrem
571 1795 780 1880 Franciscum,
813 1819 828 1860 a
857 1819 915 1878 quo
944 1800 1053 1860 librum
1081 1801 1158 1861 dono
1185 1805 1309 1882 accepit,

216 1900 252 1959 de
282 1899 393 1959 codicis
422 1899 489 1958 latis
518 1897 603 1977 plane
633 1898 707 1958 nihil
736 1901 811 1959 certi
838 1909 1025 1978 compertum
1053 1899 1192 1960 habuisse
1217 1903 1309 1960 nemi-

217 2016 284 2056 nem
313 2015 439 2082 gnarum
463 1996 564 2056 fallere
587 2005 694 2073 potest.
740 2006 957 2075 postmortem
983 2015 1052 2056 vero
1076 1997 1192 2059 Pithoei
1215 1999 1309 2058 codex

217 2096 294 2154 inter
317 2092 410 2153 libros
429 2093 545 2171 collegii
564 2095 685 2153 oratorii
704 2093 862 2154 Trecensis
881 2095 937 2154 luit
956 2089 1008 2177 (cl.
1025 2114 1089 2174 pag.
1108 2089 1177 2178 11),
1201 2096 1308 2156 deinde

217 2194 248 2252 in
271 2189 488 2270 bybliothecam
516 2177 664 2268 publicam
689 2190 883 2273 Trecensem‚
907 2192 1034 2270 denique
1059 2193 1310 2273 Montepessulam

218 2291 353 2367 pervenit
387 2283 439 2371 (cl.
472 2288 501 2349 9.
529 2288 619 2348 Libri
649 2290 756 2350 Notc‘ce
788 2293 840 2350 des
872 2294 1055 2351 manuscrits
1094 2293 1131 2352 de
1168 2295 1312 2366 quelques

219 2385 434 2460 bibliotheques
463 2389 515 2446 des
544 2383 780 2467 deincremento,
808 2387 931 2448 Journal
955 2389 1007 2449 des
1032 2388 1154 2449 Savants
1178 2408 1203 2449 a.
1226 2387 1307 2450 1841

41 2574 43 2581 A
219 2493 248 2545 u
273 2476 384 2566 1842).

58 2611 210 2655 namu„

59 2666 201 2700 novenum,
310 2617 389 2676 Haec
422 2617 484 2677 lere
516 2619 661 2677 inservire
690 2636 777 2696 posse
805 2621 905 2697 putavi
932 2618 1008 2678 libro
1037 2621 1252 2698 pretiosissimo
1281 2631 1312 2680 et

60 2729 208 2809 mffiyffp
221 2716 389 2775 accuratius
413 2724 442 2775 et
465 2715 582 2794 plenius
606 2716 820 2797 cognoscendo,
844 2718 896 2794 qui
915 2735 992 2777 tinus
1012 2720 1142 2778 omnium
1162 2720 1312 2778 recensio-

82 2834 189 2868 ⁰⁰¹¹⁰⁰¹⁶¹²·
312 2837 338 2903 1)
365 2835 510 2905 Enyem'us
536 2835 605 2888 Abel
632 2833 775 2902 professor
802 2833 939 2887 Budensis
968 2834 1071 2887 litteris
1099 2834 1311 2889 humanissimis

220 2913 296 2966 datis
311 2914 507 2982 catalogorum
520 2913 720 2983 bybliothecae
730 2912 866 2967 Corvinae
881 2915 1021 2967 delectum
1035 2932 1144 2968 mecum
1159 2915 1311 2969 communi-

220 2993 309 3058 cavit3
335 2994 518 3047 inveniuntur
544 2994 611 3047 libri
629 2995 774 3048 Budenses
801 2994 958 3046 enumerati
984 3011 1047 3047 cum
1071 2996 1107 3048 ab
1131 2995 1194 3049 eliis
1214 2998 1275 3049 tum
1294 3013 1312 3049 u

219 3072 355 3140 Budiki0‚
390 3074 484 3128 annal.
508 3073 564 3126 litt.
588 3073 709 3128 Vindob.
735 3080 811 3128 1839.
836 3074 1000 3128 LXXXVlll
1033 3074 1063 3127 in
1092 3075 1163 3128 actis
1192 3075 1312 3129 adiectis

220 3172 246 3222 p.
267 3160 364 3220 37sq.‚
399 3154 434 3207 ab
453 3152 483 3206 E.
500 3151 531 3206 G.
547 3153 638 3221 Vogel
659 3153 851 3207 ‘Verzeichnis
880 3155 1069 3208 corvinischer
1092 3155 1312 3209 Handschriften

219 3234 249 3287 in
269 3232 452 3287 hffentlichen
470 3232 687 3287 Bibliotheken'
711 3233 805 3303 Serap.
821 3235 846 3287 X
867 3240 934 3288 1849
954 3254 980 3304 p.
1002 3241 1150 3302 axe-285,
1171 3253 1187 3288 a
1205 3235 1310 3290 Ludov.

220 3312 332 3381 liskes,
352 3312 463 3382 Koenig
478 3313 601 3367 Mathias
622 3313 679 3366 und
698 3313 776 3367 scine
790 3313 953 3368 Bibliothek
969 3314 1088 3369 Vindob.
1103 3320 1178 3370 1878.
1191 3348 1223 3355 -
1234 3317 1312 3369 idem

220 3393 293 3447 Abel
312 3392 399 3447 libros
420 3392 550 3461 antiquos
570 3393 600 3446 in
617 3392 801 3462 bybliotheca
815 3395 935 3450 Corvina
945 3398 1103 3449 asservatos
1123 3412 1183 3449 esse
1199 3396 1310 3449 demon-

221 3476 309 3528 strare
329 3475 444 3528 studens
465 3473 508 3541 (in
523 3476 716 3529 Litterariscb'e
730 3477 856 3531 Bem'ehte
871 3495 921 3531 uus
940 3478 1054 3548 Unpccru
1068 3482 1180 3545 187812.
1196 3482 1250 3530 580
1260 3484 1309 3546 sq.)
1348 3468 1349 3471 ¹

220 3552 295 3607 inter
323 3554 393 3608 ahos
418 3554 529 3608 codices
556 3554 659 3608 librum
683 3573 794 3623 quoque
818 3556 1003 3611 Pithoeanum
1027 3555 1214 3622 enumeravit,
1240 3575 1313 3609 nunc

220 3649 286 3686 vero
310 3632 370 3702 ipse
396 3653 413 3687 a
437 3634 580 3689 sententie
599 3652 650 3689 sua
668 3635 792 3690 recessit.
814 3636 919 3690 Scribit
938 3636 1012 3690 enim
1031 3636 1100 3690 mihi
1119 3636 1174 3692 litt.
1195 3637 1252 3691 det.
1272 3637 1312 3690 ld.

222 3714 279 3766 lan.
303 3719 370 3768 1888
391 3715 453 3768 ‘ch
470 3717 538 3770 habe
556 3716 627 3770 mich
647 3733 681 3770 zu
699 3717 786 3770 dieser
804 3717 888 3772 Notis
907 3719 993 3770 durch
1006 3718 1119 3785 Pithon,
1137 3718 1222 3785 John,
1240 3718 1313 3772 Her-

221 3810 307 3848 muuu
329 3799 376 3848 etc.
400 3797 527 3850 uerleiteu
553 3798 648 3850 tossen.
686 3795 801 3851 Seitdem
823 3798 866 3851 ich
890 3799 954 3852 eber
976 3800 1007 3850 in
1029 3799 1196 3868 „Catoloyue
1216 3841 1221 3852 .
1242 3840 1248 3851 .
1268 3799 1314 3851 des

221 3877 435 3945 departemeuts“
453 3875 591 3944 pefuudeu
608 3877 689 3943 habe,
707 3878 820 3944 moroufi
838 3878 895 3931 se'clt
913 3878 971 3930 thre
994 3879 1180 3947 Vermutbtmp
1197 3879 1315 3948 yra'iudet

224 3956 308 4022 (deun
331 3971 424 4009 ausser
447 3956 544 4009 diesem
568 3955 692 4010 Mattius
710 3962 781 4011 1469
805 3964 883 4027 eeupt
906 3959 1037 4012 absolut
1060 3960 1173 4012 uictus
1194 3960 1243 4025 fiir
1261 3959 1314 4010 deu

224 4037 463 4090 Coroiuiauc'scbeu
487 4036 629 4106 Urspruup
652 4039 699 4091 der
718 4038 781 4103 Hs.)
807 4039 855 4091 biu
876 4039 920 4091 ich
939 4041 1094 4109 uterzeuyt,
1117 4040 1180 4092 does
1198 4040 1242 4093 die
1261 4039 1312 4093 Hs.

221 4117 337 4171 utemuls
364 4117 411 4170 der
436 4115 554 4170 Coruino
582 4118 711 4185 rzuyelrdrt
737 4117 792 4170 leui.
836 4118 930 4187 Ko'uiy
954 4120 1079 4173 Mutbt'us
1101 4119 1148 4171 bnt
1171 4135 1244 4172 autur
1261 4136 1315 4172 rou

223 4201 296 4252 1458
314 4199 355 4251 his
373 4201 446 4251 1490
464 4198 571 4266 repleri,
590 4197 658 4250 doch
675 4197 759 4262 yirtdet
777 4198 834 4250 sich
853 4200 908 4265 uus
921 4199 1013 4253 lcec'uer
1033 4198 1189 4251 Corcinuhs.
1209 4199 1266 4251 ciue
1285 4215 1313 4250 so

222 4279 385 4334 scuderhare
412 4278 526 4348 Ampube
559 4277 630 4330 times
662 4276 833 4346 ladruplc'cbeu
860 4278 994 4333 Bestiae-rs
1022 4279 1063 4331 uls
1091 4280 1146 4343 ores
1169 4280 1228 4331 dero
1256 4278 1312 4331 cod.

223 4358 410 4413 Pitboemtusss
