3038 4934
554 320 604 368 .-·
640 323 683 387 25
732 361 768 368 ..

117 509 182 550 nern
207 489 361 549 meliorem
387 507 525 548 versuum
551 490 685 569 servavit,
710 487 838 548 licetne
863 507 927 548 cam
952 490 1071 568 quidem
1095 493 1205 550 utiam

119 588 247 648 vidimus
267 587 376 666 ubique
398 589 550 664 integram.
584 585 635 645 sed
657 586 789 648 turbatae
810 590 967 648 momoriae
992 588 1087 649 fontes
1110 591 1206 648 incor-

119 695 223 765 ruptos
247 685 386 764 indagare
410 684 599 745 studentibus
623 686 807 763 inopinatum
830 683 1040 744 adminiculum
1060 689 1207 746 succrevit

118 783 262 844 schedis
296 776 586 865 hroviensibus¹)
621 801 715 861 nuper
748 785 889 863 repertu,
922 802 996 861 qrrac
1029 785 1161 861 proxime
1191 803 1206 843 a

119 882 220 943 codice
249 881 507 960 hlontepessulano
541 890 569 939 et
603 883 777 942 recensione
806 889 835 942 et
864 889 925 941 toto
954 881 1055 941 habitu
1085 890 1206 941 externo

118 980 239 1058 distein,
274 997 458 1058 quarumque
492 985 659 1039 accuratam
688 981 821 1039 notitiam
850 979 947 1039 attulit
975 978 1099 1038 loannes
1127 977 1207 1038 Wirz

118 1079 217 1138 Herm.
232 1072 282 1136 XV
296 1075 361 1138 437
374 1096 412 1137 ss.
432 1077 483 1137 sed
505 1077 658 1137 collatione
679 1077 776 1137 denuo
796 1096 820 1136 a.
839 1074 924 1137 1884
943 1096 957 1134 a
978 1096 1024 1136 me
1039 1078 1173 1136 instituta
1181 1069 1207 1158 2)

118 1179 173 1236 etsi
203 1175 275 1234 nibil
304 1176 365 1235 iere
400 1177 458 1235 nisi
486 1177 664 1253 praestantia
694 1184 722 1234 et
751 1176 958 1254 descriptionis
986 1182 1016 1234 ct
1044 1174 1208 1236 collationis

119 1274 282 1333 Wirzianae
302 1272 424 1351 probata
444 1281 487 1332 est
512 1275 599 1333 ctiam
620 1275 785 1332 accuratior
800 1275 938 1333 materiae
962 1274 1131 1332 retractatio
1149 1291 1207 1331 nou

121 1370 271 1450 superflua
291 1370 452 1450 videbatur,
471 1390 538 1430 curn
558 1372 636 1430 etin
656 1370 746 1430 rebus
765 1373 837 1450 ipsis
857 1371 905 1431 hic
923 1370 982 1430 illic
1007 1373 1118 1430 certius
1142 1369 1208 1428 alle-

120 1470 222 1529 rendis
246 1467 469 1546 quaestionibus
493 1469 617 1547 singulis
642 1471 778 1528 sticcurri
798 1477 827 1528 et
846 1468 912 1527 libri
932 1467 1084 1528 Pithocani
1104 1479 1208 1528 natura

121 1568 288 1627 accuratius
321 1584 408 1644 quam
437 1565 533 1626 adhuc
562 1568 670 1627 iactum
700 1577 745 1626 est
773 1569 889 1645 cognita
913 1566 949 1625 de
973 1569 1100 1647 ratione,
1133 1586 1208 1645 quae

118 1668 197 1724 inter
219 1664 274 1723 bos
298 1672 390 1724 testes
415 1666 541 1742 optimos
565 1665 766 1726 intercederet
790 1668 882 1725 tuticus
906 1663 1030 1724 iudicari
1054 1684 1141 1743 posse
1165 1667 1207 1724 in·

119 1763 305 1823 tellexisscm.
1005 1826 1008 1831 ,
1135 1835 1138 1841 g

208 1858 354 1938 Repertae
383 1869 451 1919 sunt
479 1861 570 1938 igitur
594 1860 719 1920 schedae
743 1863 866 1921 hroviae
890 1863 919 1920 in
945 1860 1088 1920 tabulario
1112 1879 1209 1940 nuper

120 1959 217 2018 denuo
237 1957 361 2037 digesto,
386 1956 491 2016 vilibus
507 1956 614 2017 libellis
633 1960 841 2039 circumdatae,
865 1967 953 2037 atque
972 1959 1042 2019 huic
1061 1961 1129 2019 usui
1149 1978 1208 2038 quo

118 2059 211 2134 magis
241 2057 388 2114 servirent
417 2055 471 2114 hac
500 2053 549 2114 illa
578 2074 612 2114 ex
637 2067 720 2134 parte
748 2059 908 2136 praecisae.
960 2075 1084 2135 quarum
1113 2057 1209 2135 prima

119 2163 171 2215 sat.
191 2153 216 2213 ll
245 2149 431 2232 ita-155,
459 2151 498 2211 lll
523 2150 645 2234 6—13‚
673 2156 764 2216 altera
788 2155 827 2214 lll
851 2151 982 2216 35-63
1011 2164 1041 2214 et
1070 2153 1209 2235 84-92,

119 2254 205 2312 tertia
225 2250 262 2309 Vl
279 2247 454 2312 136-164
475 2246 553 2334 (pag.
574 2246 605 2334 1)
643 2253 679 2312 Vl
697 2251 869 2314 teo-193
890 2249 968 2333 (pag.
984 2246 1029 2335 2),
1049 2252 1084 2312 Vl
1098 2251 1205 2313 427-

118 2347 184 2410 455
204 2344 282 2432 (pag.
298 2343 333 2431 3)
368 2348 403 2406 Vl
422 2346 599 2411 too—484
619 2344 697 2434 (pag.
717 2345 762 2433 4),
782 2360 885 2430 qrrarta
905 2360 957 2410 sat.
978 2350 1014 2409 Vl
1033 2347 1209 2412 aua-280

118 2441 198 2530 (pag.
223 2440 257 2528 1)
295 2446 331 2505 Vl
355 2443 531 2507 281--310
555 2441 633 2530 (pag.
658 2441 693 2531 2)
738 2449 773 2508 Vl
797 2447 972 2510 311—339
998 2443 1075 2530 (pag.
1095 2443 1144 2531 3),
1174 2448 1209 2508 Vl

120 2542 296 2605 ato—368
342 2546 444 2623 quinta
473 2554 527 2605 sat.
550 2544 600 2602 Vll
628 2542 760 2608 57—85
789 2543 867 2629 (pag.
894 2540 940 2629 l),
977 2545 1027 2604 Vll
1056 2543 1209 2606 86-114

120 2635 199 2724 (pag.
215 2635 249 2724 2)
274 2640 324 2700 Vll
341 2637 514 2702 115—143
530 2636 608 2723 (pag.
620 2635 655 2724 3)
680 2644 729 2703 Vll
749 2643 919 2705 144--172
935 2638 1014 2726 (pag.
1029 2637 1065 2725 4)
1081 2643 1209 2704 exhibet.

208 2740 249 2800 De
274 2742 387 2818 origine
407 2742 640 2818 fragmentorum
660 2741 739 2802 Wirz
759 2743 776 2802 Ι,
797 2761 820 2803 s.
840 2762 861 2802 s.
881 2761 908 2820 p.
928 2738 992 2802 438
1013 2744 1100 2801 coicit
1120 2741 1208 2801 haec:

120 2834 172 2899 ‘Es
193 2841 255 2914 pub
276 2841 316 2898 da
335 2832 465 2919 (scilicet
483 2834 621 2919 hroviae)
645 2845 694 2900 cin
713 2842 958 2912 arcitenentum,
979 2840 1116 2899 docebere
1132 2838 1207 2915 frei-

119 2940 178 2998 lr'clt
206 2941 273 2998 eicco
297 2935 522 3011 Bruderscbcst
545 2939 602 2997 der
629 2940 775 3014 Capreae,
804 2941 897 2997 deren
925 2955 1005 2997 neno
1033 2939 1087 2995 mit
1113 2940 1209 2997 elnam

120 3037 270 3097 Plebcuus
299 3039 348 3095 die
376 3036 654 3096 Parocntctlcircne
682 3039 848 3097 dedicatae.
896 3037 985 3095 Dirce
1012 3037 1114 3095 beauce
1142 3038 1209 3094 circe

119 3135 300 3208 Bibliotbelc,
334 3136 389 3193 der
422 3136 535 3193 einmcl
565 3137 613 3194 cin
642 3136 850 3212 leutprc'ester
881 3138 964 3194 scine
992 3135 1115 3194 Bdcber
1142 3151 1208 3193 oer-

118 3234 237 3291 utucltte
252 3278 258 3289 .
274 3278 279 3289 .
296 3277 302 3289 .
318 3277 324 3289 .
340 3232 397 3290 Die
417 3232 602 3305 Zercto'ranp
625 3236 681 3293 der
700 3231 905 3306 chdscltrift
923 3230 995 3306 scillt
1012 3233 1094 3291 could
1110 3234 1141 3291 ln
1160 3234 1210 3291 die

120 3329 187 3387 Zeit
210 3330 265 3385 der
284 3327 504 3407 Referundae,
527 3346 583 3406 acc,
607 3334 665 3391 wie
684 3334 739 3390 dos
754 3332 884 3402 Kloster,
909 3331 990 3389 cccli
1009 3332 1058 3388 dic
1072 3329 1207 3387 Bructer-

119 3423 220 3498 scltust
244 3426 299 3483 cler
318 3424 450 3499 Ccpldne
474 3424 663 3499 cuspeltobcn
678 3422 806 3488 cczcrde'.
840 3445 895 3504 qua
916 3429 946 3485 in
966 3443 999 3484 re
1018 3424 1208 3502 disceptanda

119 3539 179 3580 non
208 3520 318 3582 nullius
343 3524 485 3581 momenti
509 3540 574 3582 csse
598 3524 773 3585 videbantur
796 3526 1007 3602 inscriptiones
1031 3521 1208 3583 schedarum

119 3638 194 3681 saec.
216 3619 279 3678 XVI
303 3621 469 3701 coniectae,
498 3640 571 3699 quas
596 3621 674 3682 Wirz
698 3642 757 3683 non
777 3622 951 3682 enucleavit.
997 3621 1106 3698 legitur
1130 3623 1209 3681 enim

118 3741 149 3797 in
173 3737 337 3815 fragmento
361 3735 396 3794 ll.
433 3740 558 3797 linitos
578 3738 598 3812 l
621 3739 795 3799 Sebastiam
816 3716 890 3799 riuis
910 3731 1094 3820 (fraternitas
1114 3738 1208 3796 sancti

209 3933 1209 4005 1)Arovia(Aarau)nomenesiurbis,Argovia(Aargau)n0men

121 4015 201 4084 pagi;
225 4014 386 4083 fragmenta
408 4013 438 4067 in
462 4016 543 4069 urbe
566 4019 679 4085 reperta
701 4019 777 4070 reete
796 4016 1001 4071 Aroviensia
1019 4015 1208 4069 nominantur.

118 4096 147 4164 2)
174 4094 308 4149 Libenter
336 4094 483 4149 occasione
512 4097 580 4150 data
606 4099 732 4151 Tctrrnero
759 4097 903 4166 praefecto
932 4096 1008 4150 urbis
1031 4094 1152 4148 Aroviae
1181 4096 1209 4146 et

118 4175 233 4246 Nipplio
248 4173 357 4228 scribae
372 4178 487 4230 senatus
507 4176 574 4230 viris
595 4177 785 4246 amplissimis,
805 4177 924 4246 quinon
939 4177 1029 4230 solum
1044 4175 1209 4229 schedarum

119 4255 263 4308 commode
278 4255 510 4309 conferendarum
523 4256 690 4310 facultatem
707 4257 778 4311 mibi
792 4258 937 4324 dederunt,
953 4257 1002 4310 sed
1017 4255 1105 4309 etiam
1119 4257 1209 4310 tabel-

120 4332 185 4386 larii
212 4335 408 4402 perserntandi
435 4353 536 4405 operae
562 4340 607 4390 sai
629 4337 766 4392 molestae
790 4337 880 4392 socios
904 4337 978 4390 ultro
992 4351 1027 4408 ¹se
1047 4336 1209 4391 obtulerunt

121 4412 250 4483 publicas
269 4431 323 4484 ago
342 4415 459 4488 gratias.
