3038 4934
695 249 1007 313 —32-·

257 411 441 489 singulorum
470 411 607 472 soliorum
636 420 843 490 argumentum
877 411 1056 471 verbotenus
1085 418 1242 492 congruat,
1281 430 1345 489 gra-

257 513 336 570 viora
361 514 448 571 etiam
468 511 600 588 exempla
625 509 740 569 servilis
764 511 936 569 imitationis
960 509 1171 588 exemplarium
1196 511 1346 587 congessit

259 607 452 668 Watteubacb
476 609 493 668 l.
514 628 538 669 c.
556 628 583 687 p.
602 606 663 668 133
675 626 717 686 sq.
726 601 751 690 ¹)

344 724 455 785 Eadem
479 727 570 804 igitur
594 743 664 785 cura
686 742 771 784 usum
792 723 882 782 fuisse
907 732 978 801 puto
998 723 1151 783 librarium
1171 722 1273 782 codA
1295 722 1345 798 qui

256 824 285 881 iu
301 831 382 883 textu
403 823 598 883 describendo
614 824 766 900 antiquum
788 821 934 898 quoddam
954 821 1112 902 exemplar,
1137 825 1166 880 iu
1186 821 1279 880 torma
1296 839 1343 878 ex-

257 929 340 979 terna
355 921 560 981 constituenda
575 917 717 980 librumP
732 921 818 997 sequi
832 918 961 979 voluisse
972 921 1121 998 putandus
1136 921 1182 978 sit.
1207 935 1346 996 maguum

256 1018 336 1076 enim
359 1019 437 1078 inter
461 1019 592 1096 singulas
616 1016 817 1097 bybliothecas
840 1017 886 1076 vel
905 1021 1083 1077 monasteria
1103 1016 1247 1077 librorum
1268 1034 1340 1075 com·

257 1117 466 1176 mutandorum
486 1117 530 1177 vel
555 1117 590 1176 ad
610 1135 696 1177 usum
717 1114 1001 1194 suppeditandorum
1022 1117 1232 1176 commercium
1253 1115 1346 1173 luisse

257 1222 348 1274 testes
377 1223 447 1275 sunt
471 1215 613 1294 epistulae
641 1215 697 1274 hoc
725 1212 848 1272 consilio
878 1215 1004 1274 invicem
1034 1207 1188 1292 missee2):
1223 1230 1279 1290 qua
1309 1211 1345 1271 de

257 1327 344 1369 causa
374 1313 400 1370 si
427 1313 494 1389 quis
527 1313 623 1372 fontes
653 1312 876 1390 antiquissimos
906 1312 987 1371 adire
1020 1314 1189 1371 instituerat
1224 1308 1347 1369 facultas

257 1424 361 1466 eorum
380 1409 652 1486 conquirendorum
667 1411 694 1468 ei
709 1427 768 1469 non
784 1407 892 1487 deluit,
912 1427 999 1486 quam
1019 1410 1187 1470 facultatem
1208 1407 1347 1466 librarius

258 1504 322 1564 cod.
342 1505 365 1563 A
385 1524 421 1564 ue
446 1515 602 1584 respueret
626 1509 681 1566 etsi
705 1505 781 1565 libro
801 1505 963 1566 Pithoeano
984 1510 1028 1567 uti
1052 1510 1078 1566 ei
1103 1507 1186 1567 licuit
1210 1505 1255 1565 vel
1279 1504 1347 1564 ideo

258 1607 436 1663 commoveri
452 1603 562 1684 debuit,
582 1622 649 1664 cum
670 1623 728 1682 quo
744 1613 877 1682 tempore
894 1604 970 1664 liber
984 1607 1007 1664 A
1023 1609 1154 1685 scriptus
1169 1616 1215 1665 est
1229 1604 1347 1665 saeculo

257 1711 289 1760 ut
313 1700 430 1779 putoX
455 1701 552 1761 medio
580 1703 625 1762 vel
654 1694 812 1782 exeunte³)
842 1704 875 1760 in
903 1703 1027 1764 codice
1056 1705 1253 1764 Pithoeano
1279 1703 1348 1760 iam

256 1797 368 1858 altera
393 1818 514 1859 manus
538 1799 643 1859 verbe
667 1818 832 1879 germana
857 1800 1136 1880 depravavisset.

346 1913 397 1973 Sin
422 1919 521 1993 potius
546 1917 581 1977 ad
605 1919 727 1977 tertium
751 1918 898 1995 quoddam
923 1919 1073 1998 exemplar
1093 1917 1207 1999 AetP
1232 1915 1348 1976 similli-

256 2027 336 2070 mum
356 2012 492 2090 refugere
513 2013 602 2093 voles,
618 2033 674 2073 nou
691 2014 817 2075 multum
837 2016 995 2096 obloquor,
1020 2026 1082 2076 tum
1102 2035 1181 2094 vero,
1200 2024 1234 2075 ut
1253 2032 1347 2092 pauca
1408 2004 1413 2013 ⁵

255 2107 439 2188 depromam,
464 2129 499 2170 ex
524 2112 628 2171 eodem
647 2111 731 2190 libro,
755 2131 861 2172 coaevo
882 2113 995 2173 scilicet
1014 2113 1110 2173 codici
1128 2112 1150 2172 P
1173 2113 1348 2190 lectuque

257 2206 445 2288 facillimo,
469 2208 637 2269 hausissent
655 2207 754 2269 {1164
773 2213 908 2285 inperitia
928 2210 1066 2271 librarius
1086 2211 1149 2272 cod.
1164 2211 1196 2291 A,
1217 2213 1347 2285 pentilia

256 2302 320 2363 libr.
340 2305 403 2364 cod.
419 2305 454 2385 P,
478 2303 594 2365 V1263
619 2323 712 2366 caasa
737 2316 828 2368 erant
845 2308 877 2387 A,
902 2317 1047 2370 caraetar
1065 2310 1102 2389 P,
1125 2306 1255 2368 V11183
1276 2327 1347 2368 con-

255 2419 380 2462 servans
398 2403 431 2480 A,
454 2422 513 2463 non
532 2412 635 2464 scraat
652 2404 689 2485 P,
713 2405 803 2465 schol.
824 2407 859 2465 ad
878 2404 983 2468 11155
1005 2410 1132 2467 Fabrici
1149 2407 1182 2485 A,
1206 2408 1297 2466 Fabii
1310 2406 1349 2486 P,

256 2498 408 2561 ad11181
431 2520 527 2562 aaras
546 2503 584 2582 A,
608 2506 707 2563 avitas
726 2503 762 2580 P,
791 2500 915 2565 111154
940 2509 1055 2581 depicta
1077 2511 1147 2564 sant
1165 2505 1202 2583 A,
1226 2507 1349 2580 depicta

256 2605 300 2658 est
318 2598 354 2678 P,
378 2596 497 2660 111256
518 2600 688 2675 officioram
708 2604 739 2680 A,
763 2602 897 2677 officiani
912 2603 949 2682 P,
973 2602 1013 2661 lll
1033 2599 1096 2661 308
1117 2603 1298 2681 deridentib,
1314 2601 1348 2680 A,

256 2698 421 2756 deridentis
439 2697 476 2777 P,
508 2695 630 2758 V1430
658 2700 917 2761 MARMOBEIS
937 2701 974 2779 A,
1008 2700 1295 2759 MARMOBIBUS
1315 2699 1349 2779 P,

257 2811 331 2872 quae
355 2793 516 2855 lectionum
540 2796 694 2857 diversitas
720 2798 764 2857 vix
785 2798 927 2876 explicari
950 2807 1048 2877 potest
1072 2816 1106 2856 ex
1127 2797 1208 2857 forne
1227 2797 1250 2855 A
1271 2807 1301 2856 et
1320 2796 1342 2855 P
1382 2802 1386 2812 '

256 2892 403 2952 simillimo
428 2897 574 2973 scriptura
603 2894 731 2956 dilucida
755 2895 888 2955 Caroliua
913 2897 1096 2975 conscripta,
1132 2894 1246 2954 lacilius
1276 2913 1347 2954 vero
1382 2955 1388 2963 ,

256 3126 321 3179 dant
339 3127 370 3178 in
389 3126 459 3193 AB,
478 3143 542 3194 pag.
566 3132 605 3180 18.
628 3133 660 3180 19
683 3146 701 3181 a
718 3126 896 3195 publicarum
914 3130 1014 3197 incipit
1032 3129 1219 3198 quaternionis
1237 3129 1350 3182 secandi

255 3206 354 3273 solitam
381 3209 507 3274 quintana
537 3209 568 3260 in
595 3207 622 3259 A
638 3207 684 3273 B‚·
714 3205 748 3259 cf.
777 3209 863 3262 etiam
892 3215 933 3262 20.
955 3214 977 3262 1.
1006 3215 1047 3261 22.
1078 3215 1124 3275 23,
1158 3207 1229 3261 alios
1261 3207 1347 3262 locos.

176 3313 178 3318 ·
257 3291 283 3355 1)
314 3287 367 3340 Bei
394 3289 468 3341 einer
493 3287 601 3340 Ooelner
625 3287 810 3354 Handscbrift
836 3289 884 3343 der
912 3289 1072 3342 DecretaIen
1101 3290 1151 3342 mit
1178 3289 1226 3341 der
1256 3288 1349 3341 Glosse

254 3368 348 3421 nirlde
366 3369 414 3421 der
428 3367 568 3433 Uardani,
586 3368 650 3420 dress
663 3368 707 3420 die
721 3385 765 3421 aaa
779 3369 877 3423 Raiaie
890 3370 1072 3439 pescbriebene
1084 3369 1176 3423 Glosse
1194 3385 1255 3423 attin
1267 3368 1349 3421 Teate

251 3464 352 3516 possen
367 3454 474 3515 rnatsste,
492 3449 550 3501 arrd
568 3449 616 3501 der
630 3447 768 3502 Sebreibei·
785 3450 865 3516 stiilte
883 3451 992 3504 desbaib
1015 3451 1066 3503 den
1089 3450 1170 3518 dbrip
1193 3449 1349 3502 bleibenaien

256 3528 348 3581 Ranae
366 3531 415 3582 ant
431 3528 639 3582 Federstricben
656 3529 715 3581 and
733 3530 837 3584 alterii
858 3531 1054 3601 Geschreilisei„
1081 3529 1238 3597 Uttapelaelut
1255 3530 1349 3582 actarde

255 3608 314 3661 dean
335 3608 473 3662 Scineiber
500 3610 548 3662 der
572 3609 852 3679 Canonfensaanntlnnp
874 3627 941 3663 saec.
964 3594 1033 3661 VH?
1054 3610 1104 3660 ntit
1130 3610 1217 3661 scinci·
1238 3625 1349 3677 pressea

255 3688 373 3741 iriscben
387 3689 655 3755 Halbnncialscluist
673 3690 720 3742 der
739 3690 831 3743 Rana
849 3707 883 3744 aa
902 3706 965 3758 cape
983 3689 1043 3741 and
1065 3705 1094 3742 er
1111 3690 1214 3741 scln‘ieb
1237 3689 1347 3741 clasitalb

256 3768 299 3820 die
318 3768 412 3822 letaten
431 3769 524 3822 Zeilen
546 3772 596 3822 aicit
618 3770 748 3823 liteinerer
767 3769 877 3835 Schrift.
963 3770 990 3835 ἓ)
1015 3765 1054 3821 Cf.
1074 3766 1265 3822 Wattenbacb
1285 3767 1302 3819 l.
1324 3786 1346 3820 c.

255 3866 282 3915 p.
303 3852 407 3914 Adtss,
430 3847 545 3915 Becker,
569 3848 693 3917 catalogi
716 3847 827 3916 antiqui
845 3866 872 3916 p.
892 3853 972 3901 diss.
1000 3864 1027 3914 p.
1049 3854 1107 3902 tto.
1129 3853 1188 3914 126,
1208 3865 1263 3914 quo
1284 3846 1346 3900 loco

256 3925 407 3980 novissimo
421 3927 573 3981 Fromundi
593 3929 758 3983 coenobitae
768 3926 984 3997 Tegernseensis
1004 3928 1141 3995 epistulae
1157 3943 1228 3981 saec.
1242 3926 1267 3978 X
1281 3943 1347 3979 con-

257 4007 377 4076 scriptae
391 4008 531 4077 leguntur,
550 4026 669 4076 quarum
681 4010 711 4063 in
724 4009 787 4062 XVl
802 4007 910 4062 invenis
925 4007 1008 4062 haec:
1027 4009 1144 4061 Libram
1153 4009 1246 4061 Raetii
1260 4014 1347 4060 cestro

257 4089 329 4143 brevi
343 4107 361 4142 a
372 4106 412 4143 ine
426 4090 501 4143 cobis
511 4092 647 4158 petivistis
657 4093 797 4159 praestari
809 4090 889 4143 enias
903 4089 985 4142 libros
1001 4131 1005 4142 .
1022 4132 1043 4142 ..
1059 4090 1207 4157 conscripsi
1217 4089 1346 4156 pleintei-

256 4186 315 4237 qne,
332 4175 364 4223 at
378 4176 447 4238 piato
466 4170 581 4239 plessicii
599 4173 795 4239 conscriptione
813 4171 936 4237 depinm,
957 4213 961 4222 .
983 4213 988 4222 .
1010 4212 1014 4222 .
1034 4169 1199 4237 sirnalqae
1223 4169 1344 4220 librant

256 4250 433 4304 quenalis
450 4256 480 4304 et
498 4251 611 4304 Persii
626 4269 687 4319 pro
706 4252 960 4304 containtatione
979 4250 1212 4302 arithmeticae
1231 4249 1346 4301 Boetii

258 4371 263 4382 .
285 4372 289 4381 .
312 4332 423 4400 .etqsq.
513 4333 540 4400 3)
559 4331 635 4384 Wirz
654 4331 814 4399 fragmenta
833 4330 868 4384 ad
889 4346 960 4384 saec.
980 4328 1005 4381 X
1025 4329 1068 4383 vel
1088 4328 1126 4381 Xl
1144 4328 1237 4381 refert.
