3038 4934
695 1129 741 1202 ΙΙ.

260 1288 427 1367 Symbolam
454 1289 489 1349 ad
515 1297 614 1349 textus
639 1289 818 1349 luvenaliani
842 1291 994 1375 historiam
1023 1289 1165 1349 collaturo
1196 1292 1267 1351 mihi

170 1396 252 1446 recte
277 1388 401 1447 sortasse
426 1387 674 1466 proficiscendum
700 1397 779 1447 essct
803 1407 817 1447 a
842 1387 954 1466 duplici
977 1396 1143 1447 saturarum
1165 1407 1266 1448 recen·

171 1486 262 1565 sione,
287 1504 372 1563 quam
394 1485 428 1545 ab
449 1488 513 1564 ipso
532 1493 619 1564 poeta
639 1488 804 1545 institutam
829 1505 894 1545 esse
919 1494 948 1546 et
972 1494 1088 1546 veteres
1111 1494 1141 1546 ct
1164 1505 1266 1547 recen·

170 1584 260 1642 tiores
285 1585 465 1662 interpretes
488 1584 717 1643 affirmaverunt.
728 1577 752 1666 ¹)
800 1603 874 1663 quac
899 1583 1018 1663 (paridem
1043 1585 1173 1662 suspicio
1198 1575 1266 1645 cum

171 1679 254 1739 lacile
279 1682 392 1740 moveri
419 1687 518 1759 potest
541 1684 571 1741 in
600 1684 709 1741 saturis
737 1690 766 1741 et
790 1681 977 1741 sermonibus
1002 1680 1152 1762 omnibus,
1182 1684 1266 1760 quasi

170 1777 248 1838 ultro
280 1796 344 1837 sese
369 1779 476 1838 ollerre
501 1779 618 1839 videtur
647 1781 676 1838 in
706 1782 815 1839 saturis
840 1779 997 1858 luvenalis,
1025 1788 1059 1838 ut
1082 1781 1170 1858 periti
1195 1796 1266 1858 quo·

173 1894 230 1954 que
255 1878 437 1953 grammatici
462 1879 702 1936 retractationem
726 1876 885 1936 earundem
911 1880 1043 1955 angustis
1075 1877 1182 1939 tinibus
1210 1882 1266 1938 cir·

173 1976 383 2052 cumscriptam
412 1967 657 2056 concesserint.2)
704 1993 770 2034 nam
795 1977 909 2034 etiamsi
942 1993 1024 2035 suam
1056 1977 1200 2055 cuiusque
1229 1978 1264 2035 de

170 2072 294 2152 singulis
308 2072 383 2132 locis
397 2075 621 2152 persuasionem
641 2080 692 2132 aut
711 2073 783 2132 adeo
803 2075 977 2132 temerariae
998 2075 1083 2132 crisis
1099 2083 1265 2134 commenta

169 2172 258 2231 missa
283 2171 456 2249 fecerimus,
485 2179 578 2231 restat
600 2173 774 2250 interpretis
802 2170 872 2230 illud
903 2172 1106 2229 testimonium
1130 2189 1164 2230 ex
1191 2175 1263 2232 anti-

170 2269 320 2348 quissimis
340 2278 374 2328 ut
393 2268 480 2346 vulgo
504 2275 610 2347 putant
633 2268 818 2347 temporibus
838 2269 1008 2348 repetitum,
1032 2268 1110 2345 quod
1135 2288 1204 2329 cum
1228 2269 1264 2330 de

170 2385 223 2427 suo
252 2368 299 2425 vix
329 2366 436 2426 addere
470 2374 571 2444 posset
603 2385 656 2445 pro
686 2376 767 2427 certo
801 2367 928 2444 accipias
962 2372 1012 2425 aut
1045 2365 1143 2444 aliquo
1177 2367 1264 2427 modo

172 2464 301 2543 explices
331 2482 452 2523 necesse
485 2473 542 2523 est:
574 2466 659 2524 cuius
688 2463 892 2543 explicationis
916 2465 991 2522 viam
1016 2462 1168 2541 indagasse
1193 2465 1264 2524 mihi

170 2560 281 2635 videor,
306 2569 387 2640 patet
410 2570 508 2621 autem
534 2563 666 2639 quaestio
691 2561 778 2622 latius
803 2581 890 2640 qnam
913 2580 987 2640 quae
1008 2561 1161 2621 commode
1181 2561 1263 2622 hisce

171 2657 294 2738 pagellis
309 2657 483 2736 expediatur
498 2658 696 2738 cohaeretque
712 2662 859 2719 artissime
879 2678 946 2718 cum
967 2658 1148 2719 scholiorum
1163 2659 1263 2720 melio-

170 2774 237 2815 rum
252 2763 346 2815 aetate
362 2763 391 2815 et
407 2758 556 2833 memoria,
571 2759 601 2815 in
618 2775 673 2834 qua
690 2757 866 2836 exploranda
883 2774 976 2834 genus
992 2757 1108 2816 dicendi
1124 2766 1261 2817 accurate

168 2854 336 2932 indagatum
355 2862 385 2913 et
400 2856 595 2915 constitutum
611 2873 703 2915 ornum
719 2864 833 2914 certum
854 2856 1032 2932 brutumque
1051 2853 1262 2915 adminiculum

171 2951 266 3012 adhuc
296 2951 331 3012 ab
356 2951 493 3012 omnibus
523 2952 690 3032 neglectum
715 2960 802 3030 atque
832 2952 886 3012 alia
911 2970 985 3030 quae
1009 2951 1078 3012 huic
1101 2952 1147 3011 rei
1169 2954 1262 3013 inser·

169 3052 252 3110 viunt
277 3050 409 3110 tractabo
433 3052 463 3109 in
487 3053 620 3130 parergis
644 3051 817 3131 propediem
838 3050 968 3109 edendis.

256 3148 318 3208 Atta
347 3157 393 3208 cst
427 3167 513 3209 causa
548 3167 689 3210 versuum
722 3151 893 3228 spuriorum
926 3167 1001 3226 quos
1034 3150 1166 3209 intrusos
1195 3168 1260 3210 esse

170 3245 214 3304 vel
237 3246 393 3306 meliorum
417 3247 561 3307 librorum
581 3247 689 3308 indicia
714 3257 743 3307 ct
767 3250 828 3326 ipsa
850 3255 947 3306 textus
966 3249 1106 3306 memoria
1125 3247 1260 3326 probant.

172 3361 238 3402 nam
258 3352 292 3402 ut
311 3345 498 3420 quaestiones
518 3344 554 3404 de
575 3346 699 3423 singulis
719 3345 791 3404 locis
812 3346 970 3422 mittamus,
990 3344 1152 3405 lectitatum
1169 3346 1260 3404 inisse

169 3439 335 3501 Iuvenalem
360 3458 428 3499 cum
452 3440 523 3501 illud
543 3443 688 3504 Ammiani
707 3442 870 3502 Marcellini
884 3441 1003 3501 XXVlll
1018 3439 1048 3521 4,
1072 3439 1111 3501 14
1136 3446 1260 3517 quidam

168 3542 350 3600 detestantes
364 3547 398 3599 ut
412 3557 527 3599 veneno
543 3542 699 3601 doctrinas
715 3542 888 3602 Iuvenalem
904 3546 933 3599 et
943 3540 1079 3600 Mortem
1090 3541 1260 3602 Maccimom

45 3721 50 3729 ἱ
86 3696 97 3700 ,4
167 3639 326 3697 curatiore
349 3639 449 3697 studio
472 3641 577 3712 tepent
599 3642 701 3699 nollo
729 3641 912 3699 volumino
931 3645 1087 3714 praeter
1110 3641 1200 3700 hoec
1224 3645 1259 3700 to

164 3732 355 3810 profundo
375 3737 448 3794 otto
472 3742 768 3809 contrectantem
792 3753 883 3811 quom
902 3737 938 3796 ob
958 3753 1083 3796 coucam
1102 3755 1162 3797 non
1181 3741 1258 3799 iudi·

167 3835 239 3892 cicli
266 3840 310 3892 est
337 3835 448 3912 nostri,
482 3840 544 3892 tum
573 3837 831 3909 grammaticorum
866 3834 1049 3912 aliorumque
1079 3837 1258 3914 scriptorum

168 3931 336 3989 testimonia
365 3932 515 4010 aperiunt,
545 3950 619 4008 quae
649 3934 746 3992 minus
775 3931 932 4011 diligenter
960 3951 975 3991 a
1006 3932 1106 3991 lahnio
1135 3932 1258 3992 collecta

167 4046 246 4087 nxroc
271 4029 332 4087 lere
362 4028 447 4107 plene
477 4031 564 4088 ctiam
590 4048 625 4088 ex
649 4029 833 4107 temporibus
857 4029 968 4089 mediae
998 4040 1027 4090 et
1056 4031 1171 4088 intimae
1195 4029 1256 4089 lati-

166 4150 356 4158 ..ῳ-μμ

258 4200 283 4267 1)
310 4197 350 4252 cf.
374 4199 464 4253 vitam
487 4199 525 4252 IV
550 4215 593 4268 ap.
613 4199 741 4254 Iahnium
767 4202 814 4256 ‘ln
838 4203 921 4256 cosilio
939 4202 1084 4270 outpliact't
1106 4206 1215 4272 satyros
1233 4208 1259 4256 et

163 4280 293 4348 pleraque
311 4280 447 4336 uolutauit!
481 4279 625 4348 vitamque
645 4296 662 4333 a
680 4280 836 4335 Ribbeckio
859 4279 1044 4349 compositam
1068 4279 1110 4333 ed.
1125 4298 1152 4349 p.
1167 4280 1256 4348 VIsq.

167 4361 194 4427 2)
214 4357 254 4412 cf.
269 4375 335 4414 vero
355 4361 528 4429 Schoenua'ch,
550 4360 704 4431 Quaestion.
724 4364 785 4417 Ino.
805 4360 879 4430 (Hal.
900 4359 963 4412 Sax.
985 4362 1062 4427 1883)
1081 4377 1127 4428 pp.
1144 4366 1256 4416 12-28.
