3038 4934
690 1016 737 1096 n.
764 1014 805 1098 s.
834 985 856 1121 J

249 1218 415 1276 Eduardus
447 1217 595 1300 Woelfflin
618 1232 714 1293 nuper
737 1215 767 1273 in
792 1213 990 1292 disputatione
1015 1211 1139 1291 quadam
1148 1205 1173 1295 ¹)
1197 1212 1233 1271 de
1257 1203 1330 1273 anti·

161 1351 287 1410 qrrarum
309 1331 475 1391 litterarum
500 1330 605 1390 studiis
630 1328 778 1408 qaromodo
803 1347 897 1407 usque
922 1329 1017 1389 adbuc
1041 1336 1164 1389 tractata
1188 1346 1332 1406 quorsum

161 1455 242 1507 recte
275 1446 426 1524 dirigenda
457 1454 557 1506 essent
585 1448 703 1524 egregia
731 1444 827 1512 verba,
848 1445 930 1505 lecit:
963 1447 1064 1524 inepte
1097 1444 1184 1504 bodie
1212 1462 1331 1522 quicque

162 1562 253 1622 libros
286 1581 374 1622 manu
409 1564 536 1640 scriptos
564 1570 698 1622 veterum
726 1563 907 1640 scriptorum
940 1579 1029 1640 opera
1057 1568 1194 1620 tenentes
1223 1563 1332 1619 iterum

160 1680 328 1756 iterumque
361 1676 495 1756 protrahi
527 1679 721 1755 pervestigari
754 1678 866 1755 excuti,
898 1678 929 1736 in
968 1675 1145 1736 lectionibus
1179 1694 1253 1754 quae
1282 1684 1333 1735 aut

160 1793 272 1853 dudum
300 1795 434 1871 cognitae
459 1801 544 1852 erant
571 1800 622 1852 aut
646 1792 680 1851 ad
706 1800 818 1852 textum
843 1791 1084 1869 constituendum
1108 1791 1181 1851 nibil
1205 1792 1333 1851 allerunt

160 1908 299 1969 eruendis
323 1927 444 1987 operam
467 1906 559 1986 perdi,
591 1910 620 1967 in
645 1907 706 1967 sola
730 1909 800 1966 crisi
824 1905 988 1966 exercenda
1013 1909 1145 1967 omnium
1168 1907 1230 1966 lere
1254 1908 1332 1966 vires

159 2033 189 2085 et
216 2027 333 2102 ingenia
361 2023 488 2104 intendi,
517 2042 585 2083 cum
614 2032 717 2084 contre
741 2023 940 2101 amplissimus
964 2041 998 2083 ac
1021 2041 1114 2102 paene
1137 2022 1332 2084 inexhaustus

160 2140 327 2200 studiorum
352 2159 472 2218 campus
492 2157 508 2198 a
526 2138 662 2218 plurimis
681 2139 835 2217 neglectus
854 2140 975 2218 iaceret,
998 2149 1132 2200 veterum
1152 2141 1330 2217 scriptorum

120 2283 122 2286 >
159 2255 316 2317 verborum
351 2255 504 2334 suppellex
532 2273 605 2315 usus
634 2256 780 2314 sermonis
808 2256 900 2314 totius
928 2253 1056 2332 denique
1085 2253 1201 2332 linguae
1225 2253 1331 2313 latinae

160 2374 245 2449 quasi
267 2373 325 2431 vita
354 2370 435 2430 bisce
460 2373 647 2448 potissimum
671 2369 777 2429 studiis
801 2372 918 2447 cognita
942 2370 1086 2447 patefacta
1110 2369 1264 2430 illustrata.

248 2485 363 2555 Quibus
391 2485 489 2545 verbis
519 2488 570 2564 qui
594 2485 681 2552 fidem
705 2485 900 2563 adiungerent
924 2505 983 2564 quo
1006 2485 1108 2564 plures
1133 2486 1267 2564 luerunt,
1295 2502 1331 2542 eo

160 2602 251 2679 magis
277 2600 365 2660 oredo
386 2619 445 2660 non
465 2601 628 2674 defuturos,
653 2603 704 2679 qrri
719 2600 775 2661 boo
790 2600 967 2680 opusculum
981 2600 1117 2661 codicum
1131 2599 1331 2661 luvenaliano·

159 2735 226 2776 rum
256 2714 508 2793 descriptionibus
536 2715 634 2776 denuo
658 2717 802 2776 institutis
826 2715 1003 2777 lectionibus
1026 2717 1166 2777 litterulis
1190 2715 1235 2776 vel
1258 2714 1331 2776 adeo

159 2850 261 2892 earum
286 2831 399 2892 umbris
419 2831 594 2909 scrupulose
614 2834 708 2892 erutis
727 2832 871 2892 refertum
891 2832 1084 2910 demirentur,
1109 2833 1196 2910 idque
1217 2849 1252 2891 eo
1272 2833 1329 2891 lor·

158 2948 227 3028 tina,
256 2965 322 3007 cum
347 2956 490 3025 quantum
514 2949 698 3027 praestiterit
721 2945 792 3006 labn
817 2949 847 3006 in
872 2946 994 3008 edendis
1017 2947 1163 3009 luvenalis
1187 2940 1329 3028 saturtst)

159 3071 329 3142 quantoque
350 3063 504 3124 clarissimi
525 3065 670 3142 cuiusque
686 3065 868 3142 grammatici
884 3064 989 3141 plausu
1004 3064 1139 3125 laudatus
1154 3067 1202 3145 sit,
1220 3066 1278 3124 iam
1294 3082 1328 3124 ex

159 3198 215 3239 una
249 3197 374 3239 censura
403 3173 651 3262 Hermenniana³)
680 3181 752 3239 satis
783 3189 987 3259 cognoscatur.
1030 3198 1127 3259 neque
1151 3199 1205 3259 ego
1229 3179 1328 3239 hercle

159 3312 253 3372 usque
282 3313 317 3354 eo
341 3306 499 3374 provectus
523 3314 589 3356 sum
608 3297 794 3373 arrogantiae
812 3295 858 3355 vel
878 3295 1044 3377 superbiae,
1067 3305 1101 3357 ut
1120 3296 1209 3357 stulte
1229 3303 1329 3374 spreta

158 3408 252 3469 labnii
280 3409 499 3488 Hermannique
528 3419 591 3471 arte
619 3419 649 3471 et
671 3414 786 3472 ratione
809 3430 900 3472 novas
924 3412 1065 3491 quasdem
1089 3411 1207 3489 regulas
1230 3429 1328 3471 emcn-

158 3524 286 3585 dationis
305 3524 509 3586 luvenalianae
531 3544 578 3586 me
602 3526 740 3605 detegere
760 3537 790 3587 et
809 3528 916 3588 docere
935 3546 1022 3606 posse
1042 3527 1256 3607 praedicarem;
1276 3527 1328 3587 sed

156 3643 256 3720 potius
281 3640 412 3702 collectis
437 3650 466 3702 et
489 3644 694 3721 pervestigatis
718 3643 755 3703 iis
775 3661 849 3721 quiae
869 3643 910 3703 illi
929 3644 985 3703 viri
1004 3642 1272 3723 intellegentissimi
1291 3642 1327 3702 de

247 3833 273 3900 1)
302 3829 385 3885 Ueber
407 3831 451 3884 die
470 3830 618 3898 Aufpaben
640 3833 688 3885 der
711 3833 886 3886 lateiniscben
901 3831 1129 3901 Leaicoprapltie‚
1154 3847 1220 3886 mue.
1240 3829 1327 3884 Rben.

158 3919 322 3973 XXXVII
339 3923 376 3974 83
385 3936 419 3974 so.
511 3922 540 3987 2)
559 3918 655 3974 Editio
673 3919 775 3988 maior,
799 3920 890 3974 Berol.
912 3926 988 3975 1851.
1075 3923 1102 3989 3)
1121 3920 1154 3973 ln
1174 3919 1329 3974 ‘Vindiciis

157 4009 359 4063 Iuvenaliam's’
380 4008 437 4062 ind.
458 4008 544 4063 schol.
565 4008 639 4063 uon.
662 4026 685 4062 a.
703 4015 771 4064 18⁵4
790 4027 816 4078 p.
834 4015 848 4062 1
869 4051 874 4063 .
891 4053 896 4064 .
913 4053 919 4065 .
935 4053 940 4064 .
956 4011 1105 4079 gaudemus
1124 4027 1156 4063 ea
1173 4026 1242 4078 auae
1255 4025 1328 4078 pau·

156 4101 195 4152 eis
218 4100 317 4152 abhinc
342 4100 424 4152 aunis
443 4100 480 4152 ad
503 4099 580 4151 illiue
593 4105 690 4167 poetae
709 4100 846 4154 lectionem
863 4100 1055 4154 stabiliendam
1074 4099 1225 4153 desiderari
1242 4098 1327 4168 siani-

155 4188 296 4256 dcaaimus
323 4189 364 4241 ita
387 4188 497 4242 interim
517 4189 639 4256 perfecta
663 4194 687 4242 et
710 4189 835 4244 absoluta
859 4205 912 4243 esse
935 4194 966 4243 ut
987 4190 1036 4242 aia
1058 4189 1231 4242 inveniamus
1244 4187 1328 4242 'euius

155 4277 297 4345 scriptoria
321 4277 532 4332 emendationem
557 4282 606 4330 aut
624 4279 785 4332 certioribus
802 4279 991 4344 fundamentis
1009 4278 1107 4343 fultam
1127 4282 1177 4331 aut
1195 4277 1233 4330 ad
1247 4293 1326 4344 prae-

156 4367 260 4420 clarius
279 4366 384 4421 culmen
394 4368 555 4435 perductam
569 4383 622 4421 esse
635 4368 781 4433 fateamur.
