3038 4934
623 313 838 378 ..69-

185 485 332 545 indicasse
359 486 430 546 satis
449 481 551 544 habet:
579 481 676 541 omnia
700 479 778 538 enim
799 495 873 556 quae
897 493 992 553 usque
1016 473 1051 534 ad
1075 472 1154 533 hunc
1178 471 1276 532 locum

185 583 334 642 enarravit
357 584 472 643 crimen
498 585 675 659 praeparant
697 583 811 636 tautum
836 583 923 653 atque
948 580 1136 652 praetexunt:
1160 588 1275 631 stimmo

185 699 239 741 nos
269 679 367 740 studio
394 678 464 758 quid
491 676 689 754 subsequatur
714 683 932 752 exspectamus3
956 672 1072 731 iamiam
1097 667 1203 728 mulier
1226 685 1275 727 au·

183 785 269 856 gusta
293 775 327 835 ad
354 775 473 836 domam
498 774 640 834 famosam
658 773 884 852 appropinquat,
907 776 1039 830 extremo
1059 767 1183 826 lortasse
1203 773 1274 825 tem·

184 893 256 953 pore
281 892 346 934 sese
370 875 509 953 recipiet,
537 877 659 950 respuet
682 869 779 930 locum
804 867 1008 929 foedissimum
1026 864 1139 924 -sed
1165 866 1274 923 intra·

183 974 235 1032 vit
257 963 315 1053 (sie
333 973 388 1031 bat
406 973 494 1031 ibren
514 971 590 1029 Fuss
607 961 738 1047 pesetzt)
764 966 902 1027 meretrix
923 963 1046 1042 lupanar
1065 971 1153 1040 atque
1173 959 1276 1021 cellam

183 1064 290 1129 ‘suam'
315 1071 412 1128 omnia
436 1067 545 1146 llagltia
570 1067 755 1127 committere
779 1072 888 1143 parata.

275 1166 424 1227 Habemus
445 1167 537 1244 igitur
560 1162 612 1224 ubi
631 1171 697 1241 apte
718 1163 835 1222 insistat
854 1161 961 1240 orati03
981 1160 1170 1235 seiungamus
1189 1173 1274 1234 appa-

188 1271 285 1324 ratum
305 1266 375 1324 l'acti
398 1282 414 1323 a
437 1264 502 1324 loco
527 1264 659 1324 criminis
682 1263 747 1340 ipso
768 1253 848 1340 (nam
868 1256 956 1318 verba
971 1259 1053 1331 flauo
1072 1258 1189 1316 crinem
1207 1256 1274 1314 abs·

186 1363 334 1422 candente
366 1365 474 1436 patero
513 1360 555 1420 nil
591 1358 668 1419 aliud
707 1357 881 1436 ostendunt,
916 1373 1004 1434 quam
1040 1353 1173 1433 galerum
1211 1362 1274 1412 tum

182 1456 303 1518 demam
323 1457 448 1519 cucullis
468 1458 590 1518 abiectis
609 1458 804 1535 conspicuum
825 1455 925 1535 luisse,
945 1453 1093 1513 dominam
1112 1453 1169 1510 iam
1189 1457 1275 1510 antea

182 1574 218 1615 ne
247 1563 460 1634 agnosceretur
490 1574 610 1635 operam
639 1547 771 1635 dedisse)
802 1554 995 1631 respiciamus
1024 1551 1167 1610 rationem
1200 1567 1274 1628 quae

182 1654 261 1713 inter
285 1653 343 1714 duo
364 1653 427 1715 cola
446 1654 619 1732 intercedat,
643 1651 843 1713 scribamus
863 1650 1019 1727 denique
1039 1667 1076 1708 ne
1095 1649 1273 1725 coniungan-

186 1758 235 1811 tur
254 1770 329 1829 quae
349 1750 429 1811 nullo
449 1761 534 1832 pacto
553 1752 692 1828 coniungi
708 1758 835 1830 possunt
853 1750 917 1809 sed
931 1793 937 1807 .
953 1795 959 1806 .
975 1793 982 1807 .
998 1749 1157 1807 intrauit
1174 1744 1275 1805 lectio·

183 1865 251 1906 uem
274 1846 310 1907 ab
335 1848 454 1925 optimis
477 1847 561 1907 libris
585 1847 731 1908 traditam.

272 1974 441 2057 V1238sq.
506 1981 635 2039 Additus
658 1983 776 2041 interea
799 1984 873 2040 latei
896 1986 926 2040 et
948 1984 1083 2040 secretus
1107 1979 1229 2037 adulter
1284 2001 1311 2035 v1
1323 2002 1394 2042 suu.
1467 1999 1470 2004 ·

229 2079 446 2152 impatiensque
468 2093 573 2137 morae
591 2083 703 2152 pacet
725 2084 754 2139 et
773 2080 939 2153 praeputia
963 2079 1055 2137 ducit.

183 2208 342 2269 lectionem
361 2219 454 2287 pauet
477 2229 492 2270 a
516 2209 617 2270 labuio
642 2218 792 2290 receptam
816 2228 919 2270 revera
942 2210 978 2269 ad
1002 2209 1206 2268 recensionem
1230 2207 1273 2264 in·

185 2307 360 2386 terpolatam
383 2311 534 2388 pertinere
559 2316 660 2388 aperte
686 2307 815 2370 ostendit
839 2307 902 2368 cod.
921 2307 954 2388 P,
978 2309 1008 2367 in
1032 2325 1090 2386 quo

386 2480 419 2493 ..
440 2480 446 2493 .
467 2481 473 2493 .
493 2451 597 2495 nrorac
620 2428 704 2496 silet'
728 2442 757 2494 et
775 2481 781 2493 .
802 2478 834 2493 ..
971 2428 1086 2509 'pacet

182 2561 276 2632 pauet
298 2554 334 2615 ab
358 2555 449 2616 altera
473 2575 564 2616 manu
586 2558 617 2616 in
641 2559 773 2635 margine
797 2558 979 2636 adscriptum
999 2556 1071 2634 legis
1091 2571 1188 2631 neque
1207 2570 1272 2612 esse

183 2653 299 2713 videtur
332 2672 386 2714 cur
418 2673 434 2714 a
468 2653 594 2714 lectione
628 2657 695 2715 silet
726 2656 908 2716 recedamus.
959 2655 1073 2732 pavisse
1106 2649 1273 2710 adulterum

183 2745 325 2812 ‘abditum
354 2760 385 2812 et
413 2748 574 2813 secretum'
603 2771 639 2813 cx
666 2755 758 2813 totius
786 2753 843 2813 loci
871 2751 1045 2812 condicione
1068 2756 1204 2827 apertum
1228 2747 1273 2826 fit,

183 2848 261 2908 idem
286 2850 501 2928 quodammodo
531 2852 618 2911 ctiam
642 2853 672 2910 in
697 2848 854 2911 lectionem
878 2844 969 2910 ‘silet'
993 2847 1098 2908 cadere
1122 2848 1187 2905 iure
1211 2843 1272 2904 obi·

182 2947 253 3027 cias,
278 2947 329 3007 scd
353 2966 421 3008 eum
445 2947 534 3008 silere
557 2946 696 3008 debuisse
720 2949 854 3027 quamvis
869 2964 968 3007 morae
982 2946 1185 3025 impatientem
1204 2960 1272 3002 cum

187 3043 267 3105 addit
289 3054 377 3124 poeta
400 3044 479 3124 quod
502 3047 623 3124 imagini
646 3044 805 3106 ridiculum
828 3048 905 3105 inest
929 3051 1024 3124 auget.

271 3167 307 3227 Vl
326 3166 389 3230 247
402 3187 444 3250 sq.
612 3176 659 3233 oet
680 3175 747 3247 quis
770 3190 830 3232 non
853 3173 929 3231 uidit
950 3172 1078 3231 uulnera
1097 3171 1184 3245 pali?
1284 3193 1312 3227 v1
1323 3193 1392 3232 niu.
1460 3204 1463 3210 ,

227 3284 315 3340 quern
338 3277 429 3329 cacat
451 3272 589 3330 adsiduis
611 3273 765 3331 sudibus
783 3276 933 3344 scutoque
956 3270 1084 3329 lacessit.

183 3388 262 3469 quod
291 3389 409 3471 Lipsius
436 3393 577 3472 flagitavit
605 3395 664 3455 mil.
688 3392 876 3456 couvre
899 3395 1029 3455 rudibus
1052 3389 1174 3471 praebet
1196 3388 1273 3450 Pitb.

272 3513 307 3572 Vl
325 3511 391 3575 340
399 3534 443 3595 sq.
603 3517 657 3576 ubi
679 3520 777 3577 velari
791 3520 918 3594 pictura
937 3519 1067 3591 iubetur,
1283 3533 1391 3574 natan.
1474 3560 1478 3569 .

225 3630 433 3688 quaecumque
456 3616 583 3675 alterius
604 3632 696 3675 senus
719 3617 837 3676 imitata
857 3618 993 3690 liparam
1016 3621 1068 3675 est.

181 3746 238 3807 boc
262 3764 382 3826 quoque
405 3746 469 3808 loco
493 3747 652 3808 lectionem
675 3750 780 3827 optimi
802 3749 914 3809 codicis
931 3748 954 3808 P
974 3741 1133 3828 (firmatam
1152 3748 1273 3808 scheda-

182 3862 249 3905 rum
260 3845 327 3925 Arg.
340 3841 501 3926 consensu)
516 3845 654 3908 retulisse
670 3848 742 3907 satis
756 3846 863 3909 babeo:
878 3846 1000 3927 praebet
1015 3850 1132 3908 imitata
1143 3851 1271 3923 liparas.

273 3966 444 4050 visusq.
606 3974 694 4033 densi
715 3974 843 4032 radiant
865 3976 1013 4035 testudine
1036 3979 1100 4032 tota
1284 3989 1311 4022 v1
1322 3990 1354 4023 εει
1362 3999 1391 4031 ιιι.

224 4070 442 4146 sardonyches,
466 4072 567 4147 crispa
586 4074 790 4147 pulsantur
804 4074 927 4148 pectine
950 4072 1093 4132 chordae.

178 4203 345 4276 pulsantur
367 4203 568 4262 coniecturam
583 4201 745 4262 Marklandi
764 4202 944 4263 scholiorum
963 4202 1100 4262 lemmate
1113 4199 1271 4268 PVLSAN·

182 4295 219 4356 ΤΙ
243 4296 345 4358 fultam
369 4297 440 4359 lahn
464 4301 494 4359 iu
517 4301 617 4378 priore
642 4298 770 4360 editione
788 4317 844 4379 pro
863 4301 1012 4359 communi
1032 4298 1164 4359 omnium
1182 4297 1271 4358 libro·

180 4412 248 4456 rum
272 4398 420 4478 scriptura
444 4392 670 4458 ‘renneruntur'
689 4399 811 4477 recepit,
829 4398 933 4457 reiecit
951 4399 981 4457 iu
1001 4396 1091 4457 altera
1111 4385 1272 4457 llcrmanni
