3038 4934
645 307 857 370 ‚50-

210 471 344 549 qrridem,
368 470 419 531 sed
443 470 574 530 noudum
603 477 739 529 correcto
767 468 885 529 saeculo
909 488 987 531 nono
1017 469 1201 549 descriptum
1231 489 1299 530 esse

210 571 365 628 statuimus
384 568 558 647 paulopost
581 586 649 627 eum
669 574 838 627 correctore
858 585 946 628 usum
965 568 1057 628 fuisse
1077 571 1194 629 coicere
1218 567 1298 647 licet,

210 675 242 728 ut
265 666 339 727 liber
358 665 474 726 Pithoei
493 674 647 726 correctus
670 673 715 726 est
740 664 857 725 sacculo
885 665 1000 726 decimo
1033 666 1199 744 eodemque
1223 675 1297 725 tem·

209 783 280 843 pore
303 764 428 824 schedae
452 764 638 824 Arovienses.
684 771 771 840 atque
799 761 886 823 talem
917 764 1050 824 codicem
1074 783 1109 823 ex
1134 763 1298 824 Pithoeano

208 862 367 922 deductum
393 871 423 922 et
451 861 486 920 ad
511 861 633 921 alteram
656 860 780 920 classem
808 879 883 921 saec.
902 860 942 920 lll
966 869 1135 921 correctum
1164 863 1298 921 omnium

207 959 349 1019 librorum
385 977 460 1037 quos
496 942 616 1037 (pridem
651 960 787 1018 novimus
806 1031 807 1034 Ἴ
826 967 945 1037 praeter
983 959 1108 1019 schedas
1141 958 1300 1019 Vaticanus

207 1057 449 1117 vindobonenses
468 1055 577 1116 librum
595 1055 787 1117 Aroviensem
809 1056 879 1116 olim
898 1059 1049 1136 integrum
1072 1057 1184 1117 fontem
1205 1057 1299 1117 fuisse
1371 1094 1373 1099 ·

207 1174 222 1214 a
247 1157 309 1214 veri
332 1155 431 1233 specie
455 1172 514 1213 uon
537 1153 686 1233 abhorret,
710 1155 885 1232 praesertim
913 1173 981 1215 curn
1004 1154 1123 1215 codices
1147 1152 1297 1215 luvenalis

207 1261 301 1313 totum
321 1270 429 1330 corpus
445 1260 612 1311 saturarum
633 1259 767 1311 tenentes
787 1250 822 1310 ad
842 1251 952 1312 finem
971 1252 1082 1313 saeculi
1102 1253 1174 1312 noui
1188 1252 1299 1312 referri

207 1349 334 1409 debeant
361 1341 506 1430 omncs.¹)
552 1350 598 1408 sin
631 1356 798 1408 saturarum
833 1367 941 1428 copore
971 1359 1030 1411 tam
1061 1368 1129 1410 sero
1158 1358 1297 1409 truncatu

206 1446 315 1507 nullam
340 1447 513 1508 memoriam
534 1447 709 1507 novissimae
737 1449 802 1507 eius
832 1450 925 1526 partis
948 1466 984 1508 ex
1007 1447 1159 1527 prioribus
1184 1456 1297 1524 tempo·

207 1544 289 1604 ribus
304 1545 339 1604 ad
355 1562 409 1604 uos
423 1545 596 1622 pervenisse
610 1544 741 1605 mireris:
760 1547 838 1605 inter
853 1547 1021 1606 testimonia
1035 1547 1297 1623 grammaticorum

206 1644 318 1704 incerta
343 1661 410 1703 cum
436 1641 524 1702 verba
547 1650 676 1721 tantum,
704 1661 763 1703 rron
787 1651 924 1704 auctores
948 1646 1053 1723 citent,
1077 1645 1157 1703 inter
1184 1642 1296 1721 glossas

205 1739 315 1801 scholia
336 1740 469 1820 dispersa
489 1741 576 1801 etiam
597 1759 632 1800 ex
652 1748 768 1801 saturae
788 1748 887 1801 sextae
907 1741 1038 1801 decimae
1058 1749 1192 1801 extrema
1209 1747 1294 1818 parte

205 1838 316 1918 aliquid
340 1837 526 1899 reconditum
550 1856 616 1899 esse
640 1840 707 1917 quis
731 1857 838 1917 negare
862 1835 991 1899 audeat?

293 1935 404 1996 Menam
437 1937 638 1997 coniecturam
671 1954 736 1996 esse
770 1956 845 2017 quae
881 1936 968 1997 modo
1002 1938 1145 2016 proposui
1177 1936 1297 2016 labique

206 2054 264 2095 aruo
287 2034 363 2094 libro
392 2034 502 2094 saeculi
525 2037 619 2094 octavi
648 2034 693 2094 vel
721 2037 791 2094 noni
819 2036 949 2095 irruuntis
978 2037 1029 2112 qui
1058 2043 1175 2094 saturas
1200 2052 1298 2112 usque

205 2133 239 2191 ad
259 2131 323 2192 XVl
338 2128 381 2193 60
404 2130 540 2191 exhibeat
564 2140 682 2209 reperto
707 2149 760 2210 ego
783 2130 883 2191 hercle
907 2150 967 2192 non
990 2134 1110 2214 ignor03
1133 2132 1186 2192 sed
1211 2133 1293 2194 nolui

205 2232 391 2309 supprimere
415 2247 448 2289 ea
472 2247 547 2307 quae
572 2247 630 2307 quo
654 2228 767 2289 diutius
790 2247 854 2289 rem
877 2248 994 2291 mecum
1018 2231 1145 2291 volutavi
1169 2250 1206 2291 eo
1224 2249 1298 2309 pro·

205 2327 346 2387 habiliora
365 2329 425 2387 visa
442 2336 512 2387 sunt
527 2334 616 2406 atque
635 2328 791 2387 universae
810 2345 911 2389 rerum
932 2336 1055 2389 naturae
1074 2329 1297 2408 respondentia,

206 2433 308 2503 utpote
332 2443 407 2504 quae
431 2424 591 2485 fulciantur
615 2432 677 2484 toto
701 2427 752 2503 qui
775 2425 862 2486 hodie
887 2426 972 2486 nobis
995 2434 1115 2507 praesto
1139 2436 1186 2488 est
1207 2444 1297 2505 appa-

199 2508 271 2586 ratu
286 2526 390 2585 critico
404 2531 545 2602 congesto
560 2531 591 2582 ct
605 2524 783 2603 examinato;
798 2541 887 2601 quem
902 2532 934 2585 nt
949 2542 1009 2583 uno
1023 2523 1178 2584 oculorum
1189 2522 1297 2583 obtutu

204 2621 456 2701 comprehendere
484 2619 615 2699 singulos
644 2622 802 2680 memoriae
830 2618 941 2680 rivulos
970 2621 1165 2698 undicumque
1189 2638 1296 2698 cogna-

206 2722 300 2781 tiones
324 2737 504 2798 cognoscere
527 2721 624 2798 possis
647 2721 811 2780 stemmatis
835 2727 902 2780 utar
925 2719 1059 2798 artifieio,
1078 2717 1158 2796 quod
1177 2718 1213 2778 ad
1233 2721 1297 2796 opi-

206 2821 323 2878 nionem
353 2836 447 2879 meam
476 2816 680 2880 declarandam
703 2819 837 2897 proxima
860 2817 965 2894 pagina
991 2809 1065 2896 (51)
1087 2815 1297 2876 delineandum

204 2919 313 2976 curavi.

292 3012 386 3082 Quam
416 3013 545 3074 tabulam
576 3022 609 3074 ut
638 3015 696 3073 iam
727 3014 895 3072 accuratius
925 3009 1068 3090 explicem
1103 3009 1139 3070 de
1167 3009 1245 3070 libro
1274 3009 1295 3069 Z

205 3113 360 3171 universae
379 3113 538 3171 memoriae
554 3111 635 3169 fonte
649 3109 706 3168 hoc
720 3128 814 3169 unum
828 3126 882 3188 pro
898 3115 980 3168 certo
995 3108 1181 3186 pronuntiari
1196 3115 1297 3186 potest

205 3208 375 3270 exhibuisse
408 3227 476 3269 eum
504 3210 635 3286 integras
663 3215 779 3267 saturas
807 3206 953 3267 luvenalis
985 3208 1017 3266 in
1042 3207 1173 3285 quinque
1203 3203 1298 3265 libros

204 3308 312 3368 divisas
336 3309 414 3368 etsi
438 3306 607 3385 apographo
631 3325 647 3364 r
671 3306 889 3383 memoriaeque
913 3322 966 3382 per
982 3303 1004 3362 V
1023 3311 1053 3363 et
1071 3302 1097 3362 X
1116 3310 1296 3382 propagatae

204 3407 292 3467 tidem
320 3405 410 3466 habes
434 3407 524 3465 etiam
546 3404 642 3464 Persii
666 3399 949 3463 ‘Tfluunluouvh
973 3395 1170 3461 SATVRAM’.
1217 3400 1296 3462 baud

204 3505 244 3563 ita
269 3503 360 3563 multo
378 3510 446 3582 post
468 3501 570 3562 codice
595 3501 692 3581 aliquo
717 3503 921 3563 intercedente
941 3519 976 3561 ex
996 3519 1032 3559 eo
1051 3498 1172 3560 deducti
1191 3507 1262 3559 sunt
1281 3517 1297 3558 r

205 3594 383 3683 (fragmenta
411 3593 576 3684 Vaticana),
600 3601 693 3661 codex
717 3595 841 3661 ‘Nicaei'
871 3599 1189 3677 grammaticorumque
1217 3596 1296 3657 libri.

205 3715 273 3758 cum
297 3698 418 3759 scholiis
447 3697 645 3759 Bobiensibus
669 3700 843 3778 fragmentis
866 3696 1013 3757 Vaticanis
1042 3695 1199 3774 adscriptis
1227 3709 1296 3774 cog-

205 3797 324 3856 natione
358 3795 482 3874 quadam
513 3796 673 3857 cohaerere
702 3805 773 3876 puto
805 3803 936 3856 saturam
965 3795 1129 3874 glossarum
1160 3812 1234 3873 quae
1264 3794 1296 3853 iu

206 3892 307 3954 codiee
335 3891 557 3953 Vindobonensi
584 3894 654 3954 olim
682 3894 824 3955 Bobiensi
851 3912 927 3954 saec.
951 3887 1068 3975 Vlllstx
1098 3884 1297 3973 invenitur.²)

206 4010 241 4051 ex
269 3990 371 4050 codice
397 3989 443 4049 rel
473 3990 625 4051 codicibus
654 4001 671 4042 ς
699 3992 873 4072 interpolata
901 3994 1036 4053 recensio
1067 4010 1134 4052 cum
1163 3992 1194 4050 in
1222 3988 1296 4049 alios

206 4088 298 4150 libros
322 4098 384 4149 tum
409 4089 439 4148 in
463 4085 643 4168 archetypon
663 4090 896 4168 fragmentorum
916 4089 1197 4167 Vindobonensium‚
1220 4087 1296 4146 inh
1415 4166 1418 4175 ⁴

280 4237 304 4303 1)
324 4233 419 4287 Etiam
433 4231 544 4288 codices
559 4230 806 4302 Cantabrigienses
821 4240 846 4301 0,
857 4240 881 4289 t.
895 4241 939 4301 103
954 4240 979 4301 0,
990 4239 1015 4286 4.
1027 4237 1057 4286 11
1071 4232 1115 4302 (cf.
1128 4249 1212 4302 supra
1221 4250 1248 4302 p.
1260 4240 1296 4289 48

205 4318 262 4370 not.
277 4317 301 4385 1)
317 4315 354 4368 ad
369 4312 475 4369 saeculi
492 4312 560 4367 noni
579 4313 663 4367 finem
680 4329 739 4366 esse
755 4314 916 4369 referendos
931 4330 981 4384 pro
997 4315 1073 4367 certo
1086 4313 1157 4367 mihi
1172 4313 1298 4371 affirmat

205 4394 342 4449 Henrieus
354 4394 483 4450 Schenkl.
550 4397 576 4464 2)
597 4391 636 4447 cf.
656 4392 809 4447 Endlicher
826 4394 885 4446 und
902 4393 1069 4448 Eichenfeld
1085 4396 1157 4450 anal.
1177 4411 1296 4464 gramm.
