3038 4934
684 246 876 310 ..8,

193 410 269 468 ticae
292 409 322 468 in
347 410 456 470 saturis
476 407 621 468 luvenalis
648 408 823 469 factitandae
847 408 985 497 condicio
1004 409 1068 468 fieri
1089 408 1201 488 nequit,
1224 407 1275 467 sed
1296 410 1364 486 quia

193 542 252 584 non
274 523 310 583 ab
332 543 364 583 re
388 542 454 585 esse
475 524 546 585 dclxi
567 524 719 604 publicare
744 542 872 604 eaquae
894 524 1053 602 diligenter
1072 524 1241 602 quaerendo
1262 523 1362 584 ohser-

193 639 286 700 vando
306 639 489 700 conserendo
509 639 677 718 explorasse
701 640 774 700 milri
797 641 878 701 visus
902 658 976 700 sum.
1015 658 1111 718 neque
1134 657 1204 698 sane
1223 650 1296 718 puto
1315 659 1362 700 me

193 755 331 816 omnibus
354 756 575 816 satisfacturum
599 773 665 816 cum
690 756 762 815 mihi
783 757 839 833 ipsi
858 757 980 816 minime
1000 756 1209 836 satisfecerim3
1233 755 1285 815 sed
1306 758 1385 815 iam·

149 878 151 882 “
192 873 223 931 in
243 889 278 932 eo
296 870 407 931 laboris
428 873 558 950 pretium
582 879 679 949 petam
704 873 730 931 si
753 890 800 932 me
824 873 1019 951 quaestiones
1035 872 1204 950 propositas
1229 880 1258 932 et
1281 880 1362 932 recte

193 988 361 1066 suscepisse
385 994 415 1047 et
439 1005 493 1066 pro
517 987 595 1047 virili
617 995 701 1067 parte
725 989 909 1066 promovisse
928 987 1119 1048 indicaveris:
1143 995 1176 1047 ut
1196 989 1221 1047 si
1241 989 1296 1047 viri
1315 1007 1362 1047 me

191 1104 350 1182 peritiores
373 1111 403 1163 et
427 1102 576 1163 doctiores
600 1121 663 1163 rem
686 1102 853 1163 incohatam
876 1104 973 1164 denuo
998 1105 1148 1182 egressuri
1171 1104 1231 1164 sint
1251 1103 1361 1164 felicio-

192 1236 255 1278 rem
279 1226 417 1278 eventum
440 1220 506 1278 iure
530 1236 651 1297 sperare
674 1221 831 1298 possimus.
855 1250 897 1261 --

219 1407 220 1411 Ἰ
281 1333 419 1394 Ceterum
453 1335 479 1394 si
511 1336 630 1394 omnino
659 1333 705 1393 his
739 1353 813 1412 quae
841 1336 899 1394 iam
927 1334 1024 1394 lausto
1053 1352 1160 1413 precor
1188 1337 1286 1395 omine
1313 1354 1362 1414 ag·

191 1448 309 1528 grediar
342 1449 452 1528 aliquid
485 1452 634 1528 praestiti,
667 1450 774 1510 referri
807 1449 896 1510 dehet
931 1449 966 1509 ad
991 1452 1070 1509 viros
1093 1449 1159 1510 illos
1183 1450 1362 1510 clarissimos

192 1583 319 1644 quorum
353 1567 471 1626 nomina
504 1565 647 1645 opusculo
680 1567 809 1644 praelixa
839 1565 979 1644 leguntur
1012 1567 1122 1644 quique
1150 1565 1219 1625 inde
1248 1565 1284 1626 ab
1312 1566 1361 1626 illo

192 1688 335 1760 tempore,
354 1699 413 1759 quo
433 1689 466 1741 ut
485 1699 588 1741 eorum
609 1681 824 1743 consuetudine
845 1682 963 1741 fruerer
981 1680 1195 1761 doctrinaeque
1213 1684 1362 1761 particeps

191 1797 293 1857 liorem
322 1795 397 1856 hona
427 1797 546 1858 fortuna
574 1797 647 1857 mihi
671 1799 831 1876 concessit,
859 1815 914 1876 pro
939 1815 991 1858 sua
1015 1799 1143 1875 quisque
1166 1805 1250 1876 parte
1275 1797 1362 1858 dictis

193 1912 324 1972 consiliis
353 1912 438 1973 lactis
469 1929 515 1972 me
543 1912 732 1991 adiuverunt,
768 1914 913 1991 imprimis
950 1919 1049 1972 autem
1079 1915 1108 1972 in
1139 1913 1194 1973 hoc
1219 1911 1362 1992 opusculo

193 2026 408 2088 conscribendo
441 2045 555 2088 summa
588 2026 730 2088 beneficia
763 2029 793 2087 in
827 2045 874 2086 me
908 2027 1107 2088 contulerunt.
1155 2047 1212 2107 qua
1245 2031 1362 2107 egregia

193 2141 347 2222 disciplina
371 2142 458 2221 digna
483 2161 553 2202 nram
576 2144 725 2222 proferam
749 2145 863 2224 nescim
887 2141 939 2202 sed
963 2160 1044 2203 more
1064 2145 1184 2222 rituque
1205 2135 1291 2204 solito
1310 2144 1363 2204 has

194 2256 362 2318 studiorum
389 2259 535 2337 primitias
564 2257 633 2318 licet
661 2258 739 2318 haud
767 2277 859 2338 pauca
887 2261 986 2319 minus
1015 2267 1095 2320 recte
1124 2261 1234 2338 scripta
1258 2261 1295 2319 iis
1319 2261 1362 2319 in·

193 2373 335 2434 haereant
358 2372 394 2432 ad
418 2372 484 2432 illos
508 2375 586 2434 viros
611 2376 697 2435 onice
722 2374 845 2435 dilectos
871 2376 988 2435 mittere
1008 2393 1098 2436 ausus
1119 2394 1186 2437 sum
1206 2394 1281 2454 quos
1300 2377 1362 2436 scio

192 2491 217 2550 si
246 2489 316 2567 quid
345 2488 420 2549 hene
451 2489 521 2549 mihi
550 2492 675 2550 cesserit
702 2490 845 2551 benevole
874 2499 1066 2571 accepturos,
1099 2494 1213 2552 veniam
1241 2491 1363 2553 daturos

193 2605 313 2683 siquid
342 2604 504 2683 deliquero.
550 2623 625 2684 quae
654 2624 702 2667 res
731 2615 798 2667 utut
826 2625 858 2668 se
882 2607 971 2667 hahet
996 2606 1091 2667 velitis
1111 2609 1166 2667 viri
1190 2607 1363 2686 amplissimi

192 2719 276 2782 vohis
304 2721 404 2780 offerri
433 2720 489 2780 hoc
517 2739 648 2783 summae
678 2724 861 2784 reverentiae
890 2725 1010 2784 intimae
1034 2724 1145 2802 gratiae
1168 2724 1363 2801 impigerrimi

193 2838 302 2897 amoris
329 2838 437 2916 pignus
471 2856 586 2917 unaque
611 2839 726 2899 iuvenis
757 2849 835 2919 vota,
864 2843 916 2918 qui
949 2857 1003 2916 per
1031 2847 1122 2899 totam
1151 2841 1239 2898 vitam
1268 2840 1360 2898 vestri

193 2959 308 3012 vestrae
331 2951 531 3029 indulgentiae
555 2954 705 3032 dignitatis
729 2955 900 3014 memoriam
925 2973 957 3014 se
980 2972 1040 3014 non
1065 2955 1270 3034 depositurum
1293 2971 1360 3032 pro·

193 3069 285 3127 mittit
307 3067 501 3146 spondetque.
