3038 4934
608 315 823 378 -55„

168 479 223 540 hoc
253 479 318 538 loco
350 478 466 538 litterae
498 477 611 555 primae
647 494 752 535 monus
784 483 852 554 post
885 481 1003 538 coelom
1035 481 1066 539 in
1096 479 1257 540 Pithoeauo

168 595 268 637 erasae
301 583 385 656 sunt,
418 577 600 652 conspicitur
632 582 747 634 tantum
776 569 811 653 ssi
827 569 861 652 sss
876 570 1001 654 disseri&
1035 595 1133 636 veram
1167 576 1261 637 bonae

169 677 351 736 recensionis
380 675 559 752 scripturam
588 671 666 731 solae
695 670 823 731 schedae
844 673 1022 733 ninovienses
1051 683 1207 735 servarunt
1230 678 1261 735 iri

168 778 286 834 coelum
309 775 465 846 miseric,
490 774 546 832 ibit
568 768 751 830 exhibentes.

257 915 298 975 lll
318 911 379 976 131
392 932 436 993 sq.
482 914 584 974 dicitis
606 914 657 972 hic
681 914 773 972 serni
795 914 893 973 cludit
915 917 994 973 lutus
1018 917 1219 989 iupecuorum
1274 936 1303 969 m
1316 938 1384 978 um.

210 1017 302 1087 filius.

169 1137 363 1197 Pithoeanus:
392 1138 492 1196 divitis
516 1137 566 1195 iric
588 1151 707 1208 seruo,
738 1132 774 1192 de
798 1152 856 1212 qua
884 1133 1011 1195 lectione
1035 1137 1123 1195 etiam
1146 1154 1162 1195 a
1186 1134 1262 1196 libro

169 1233 391 1294 vindobonensi
424 1231 552 1292 exhibita
577 1228 696 1290 Goehel.
715 1230 733 1290 l.
753 1249 777 1291 c.
796 1250 824 1310 p.
839 1229 881 1292 39
911 1241 992 1292 recte
1024 1234 1148 1311 protulit
1175 1233 1261 1294 haec:

169 1334 388 1406 prommatisclr
412 1332 495 1391 lanu
519 1347 590 1389 mou
613 1347 704 1388 zwur
727 1328 891 1404 ehensoqut
912 1348 1008 1405 seyen
1038 1334 1185 1391 claudere
1208 1334 1262 1391 aii·

171 1432 259 1489 cuius
277 1432 356 1489 lctus
375 1432 420 1488 cis
440 1429 585 1488 claudere
604 1429 701 1486 elicui
718 1429 799 1487 latus
818 1472 826 1486 .
842 1472 849 1487 .
864 1474 871 1486 .
889 1474 895 1487 .
915 1430 1079 1489 siclrerlr'clr
1098 1430 1174 1488 oder
1197 1431 1264 1487 tritt

171 1529 220 1585 eiu
243 1530 315 1586 weit
336 1525 544 1602 loracstipercr
562 1524 824 1584 sorcosctscoerer
841 1526 986 1586 choulce
1004 1528 1116 1586 hercor
1135 1527 1185 1586 bei
1207 1527 1263 1585 cicr

171 1623 281 1683 decori
297 1641 385 1684 cervo
405 1618 486 1682 ‘lter
504 1623 601 1682 Solio
621 1638 677 1681 rou
696 1622 974 1696 Freiqeboruerr
993 1626 1083 1682 laessi
1101 1640 1143 1681 zu
1162 1626 1263 1682 seincr

172 1721 307 1781 Rechteo
331 1723 389 1781 deu
413 1722 569 1781 Selenen
593 1720 645 1778 cies
669 1719 831 1778 liciclreu
852 1713 977 1794 peheu’.

260 1861 299 1920 lll
321 1859 383 1924 155
395 1880 438 1940 sq.
694 1866 723 1920 et
744 1862 871 1920 sedeant
892 1863 944 1921 hic
1273 1889 1303 1922 111
1315 1892 1347 1924 us
1355 1899 1383 1931 u.

214 1964 354 2022 lenonum
373 1961 468 2037 pueri
489 1974 677 2033 quocumque
701 1961 713 2016 i
720 1977 741 2018 o
761 1956 884 2033 fornice
907 1961 975 2018 uoti

170 2090 246 2153 hanc
267 2097 448 2154 correctoris
467 2094 645 2170 scripturam
665 2091 735 2152 lahn
755 2093 878 2171 accepit,
901 2090 949 2153 alii
968 2091 1053 2153 aliter
1072 2093 1170 2153 locum
1190 2102 1264 2154 trac-

171 2199 325 2266 taverunt,
348 2207 486 2270 germana
511 2189 638 2249 lectione
662 2187 768 2250 cod.P
792 2188 923 2249 nondum
947 2192 1064 2268 cognita
1088 2208 1163 2269 quae
1187 2191 1265 2251 facili

171 2290 288 2367 negotio
318 2288 424 2368 dispici
452 2295 560 2366 potest.
608 2287 752 2364 scriptum
782 2290 898 2347 eratin
922 2287 944 2346 P
969 2307 1013 2349 ex
1040 2287 1163 2363 fornice
1190 2292 1264 2349 noti.

169 2394 287 2463 poterat
302 2385 422 2465 quidem
439 2387 619 2462 praepositio
635 2403 671 2444 er
686 2402 769 2443 more
784 2383 931 2445 luvenalis
950 2388 1046 2447 omitti
1062 2382 1112 2468 (ci.
1127 2383 1266 2447 V111259

171 2485 286 2543 occiilo
304 2488 394 2541 catus
418 2479 458 2538 Xl
480 2479 519 2539 12
541 2489 631 2556 rupto
650 2482 761 2541 robore
780 2477 861 2562 uati)
885 2501 942 2560 qua
966 2483 1063 2545 addita
1087 2485 1267 2562 peculiarem

172 2578 301 2638 colorem
325 2586 414 2655 atque
438 2577 496 2634 vim
520 2577 685 2635 sententiae
709 2596 882 2638 accrescere
906 2580 990 2640 facile
1014 2581 1222 2659 intellegimus.

261 2727 301 2788 lll
320 2725 385 2789 210
394 2745 438 2806 sq.
683 2774 689 2787 .
714 2774 720 2787 .
745 2775 751 2787 .
776 2775 782 2787 .
806 2733 928 2792 ultimus
951 2739 1052 2794 cutem
1276 2762 1388 2805 ninom.

216 2843 383 2886 aerumnae
406 2831 461 2885 cst
478 2828 624 2897 cumulus,
648 2827 731 2898 quoe
752 2830 867 2887 nudum
890 2835 920 2889 et
934 2828 1038 2903 frusto
1062 2836 1220 2903 repentem

216 2940 301 2983 nemo
324 2925 400 3003 cibo,
423 2939 509 2983 nemo
532 2925 660 2999 hospitio
685 2930 823 2999 tectoque
845 2927 969 2986 iuvabit.

172 3056 214 3114 sic
239 3057 425 3135 scripserunt
447 3054 578 3116 editores
607 3074 711 3118 omues
739 3058 851 3118 codicis
874 3059 1029 3121 Pitlroeaui
1056 3064 1261 3123 auctoritatem

171 3155 267 3212 secuti
295 3156 346 3233 qui
375 3154 456 3214 solus
485 3156 611 3215 servavit
639 3162 684 3216 est
714 3156 847 3217 voculam
876 3160 907 3218 in
935 3161 1044 3220 ceteris
1068 3158 1151 3221 libris
1174 3163 1261 3220 nmis-

172 3267 243 3308 sam.
284 3269 387 3311 verum
409 3254 440 3311 ni
464 3255 578 3331 species
602 3272 649 3313 me
675 3252 779 3332 ielellit
801 3257 859 3316 iam
883 3259 977 3335 prima
1002 3276 1107 3318 manus
1130 3261 1160 3318 in
1186 3257 1261 3317 libro

173 3346 386 3424 pretiosissimo
406 3356 451 3408 cst
469 3353 626 3430 expunxit3
646 3352 773 3429 quodni
792 3354 910 3414 credam
931 3374 966 3415 eo
986 3354 1101 3415 facilius
1121 3355 1261 3435 adducor,

174 3461 241 3502 cum
266 3462 353 3504 causa
377 3447 487 3505 erroris
506 3464 599 3524 prona
618 3449 665 3508 sit.
698 3449 872 3529 compendio
892 3453 971 3511 enim
987 3454 1005 3512 e*
1020 3444 1077 3533 (=
1093 3446 1152 3533 est)
1172 3454 1260 3513 etiam

172 3542 202 3601 in
222 3540 305 3600 libris
324 3543 448 3602 vetustis
467 3544 576 3604 usitato
595 3544 625 3603 in
645 3544 721 3606 libro
740 3546 901 3627 archetypo
922 3547 970 3608 hic
990 3546 1050 3609 illic
1069 3547 1168 3609 locum
1191 3569 1260 3611 con·

172 3657 290 3699 cessum
313 3640 405 3700 tuisse
429 3658 519 3721 supra
542 3647 783 3726 commemoravi,
806 3644 945 3706 librarius
968 3645 1059 3706 verbo
1083 3665 1259 3710 aerumnae

171 3738 228 3798 iam
259 3739 429 3816 conscripto
457 3738 616 3800 litterulam
645 3743 834 3803 novissimam
872 3742 945 3803 male
979 3746 1098 3823 repetiit
1131 3746 1259 3825 indeque

171 3843 276 3895 enatus
305 3843 351 3895 est
379 3853 472 3897 error.
519 3836 624 3897 nudtu.
639 3856 709 3898 vero
737 3839 887 3901 efficacius
915 3840 974 3902 dici
1005 3845 1127 3904 citimus
1159 3852 1259 3904 ortem

172 3950 338 3994 aerumnae
366 3938 503 3995 cumulus
530 3933 621 3995 verbo
649 3934 833 3997 substantivo
862 3938 997 4018 neglecto
1021 3959 1080 4002 nou
1109 3950 1154 4001 est
1180 3941 1258 4019 quod

172 4047 314 4091 moneam.

259 4171 297 4231 lll
316 4169 380 4234 257
394 4192 432 4235 ss.
477 4192 548 4235 riom
571 4177 600 4236 si
617 4177 784 4253 procubuit
805 4182 860 4254 qui
880 4198 959 4240 saxo
981 4181 1098 4255 tipusti
1115 4186 1258 4255 cupierim
1269 4200 1298 4231 111
1310 4202 1343 4233 ur
1352 4210 1377 4234 aa.

214 4273 283 4330 cocis
306 4280 335 4331 et
358 4290 494 4333 eversum
514 4272 597 4349 [uelit
619 4294 712 4352 super
735 4281 858 4351 cpmiuc
881 4285 1017 4353 montem,
1148 4272 1152 4277 ’

214 4371 289 4442 quiid
309 4379 446 4446 superesi
469 4373 511 4431 de
534 4375 735 4450 corporibus?

222 4475 296 4531 Beer,
309 4480 453 4530 spicilegium
466 4481 648 4525 Iuvenalienum.
