3038 4934
597 263 849 350 -cr-'

163 455 329 514 sacerdotii
355 453 523 525 insipnibos
556 452 692 510 indutum
721 467 790 510 com
822 455 1004 526 corruptore
1031 453 1179 509 iacentem
1207 452 1251 508 in·

161 545 343 627 formemus'
369 549 447 626 quod
471 547 632 608 Hermanni
656 546 800 608 iudicium
823 545 923 606 iahnio
947 548 988 606 ita
1011 548 1152 626 imposuit
1171 554 1205 606 ut
1222 548 1252 606 in

164 649 255 709 altera
279 646 407 706 editione
431 644 466 704 ad
492 645 647 704 lectionem
672 649 783 706 uitiato
807 646 971 725 resugeret,
995 652 1152 722 respueret
1175 643 1253 722 quod

163 747 193 804 in
216 743 302 804 bonis
326 741 453 802 testibus
473 750 619 801 servatum
641 749 687 802 est
709 739 854 802 omnibus
897 760 966 801 nam
985 760 1043 802 non
1063 742 1160 802 solum
1183 741 1253 802 lem-

163 849 241 903 mata
274 841 308 923 S,
346 858 414 901 cum
448 839 555 918 quibus
593 839 682 899 lectio
715 835 745 898 Σ
779 846 880 916 aperte
914 840 1045 899 concinit
1081 837 1132 898 sed
1165 840 1255 898 ‘etiam

88 1011 92 1018 ⁵
163 938 345 1000 Pithoeanus
368 941 475 998 riticio
503 936 659 1016 praebent,
688 955 736 996 res
764 938 855 1015 igitur
878 935 964 1014 digna
993 954 1068 1015 quae
1091 937 1201 996 iterum
1224 939 1255 995 in

165 1038 326 1098 discrimen
359 1044 490 1096 vocetur.
537 1036 665 1094 vitiatam
695 1052 759 1094 esse
777 1116 779 1120 y
786 1031 913 1113 pueliam
943 1053 978 1092 ex
1006 1042 1068 1094 toto
1096 1032 1161 1093 loco
1189 1050 1255 1112 pro·

164 1137 227 1196 dire
251 1135 421 1195 Hermanno
445 1133 585 1212 concedo,
609 1134 750 1193 efferatur
774 1140 873 1191 autem
897 1150 1020 1192 necesse
1045 1139 1149 1192 estex
1174 1148 1256 1190 more

164 1231 352 1293 luvenaiiano
376 1234 457 1292 notio
481 1233 511 1291 in
536 1249 593 1308 qua
617 1233 750 1291 criminis
774 1230 863 1289 cardo
884 1231 1010 1289 vertitur
1029 1238 1256 1306 monstrumque

166 1331 258 1389 fuisse
282 1328 451 1406 Crispinum
480 1344 583 1386 revera
613 1330 771 1400 evincitur,
800 1329 886 1406 utqui
915 1334 1019 1387 auctor
1042 1327 1133 1386 fuerit
1161 1327 1258 1404 stupri
1349 1387 1350 1392 ,

168 1430 279 1487 famosi,
321 1419 389 1486 nam
408 1444 443 1486 ex
467 1424 565 1485 verbis
585 1419 712 1486 ‘vitiato
732 1419 869 1485 incedut'
893 1423 1077 1485 sacerdotem
1096 1425 1152 1483 iam
1173 1432 1257 1483 antea

167 1528 296 1586 vitiatam
315 1525 406 1584 fuisse
427 1523 493 1583 elici
512 1523 563 1600 qui
583 1529 688 1600 putant
715 1520 890 1583 obscoenam
912 1524 969 1581 vim
985 1523 1065 1581 vocis
1085 1524 1190 1581 iacere
1213 1519 1258 1579 vel

166 1623 244 1684 nude
268 1625 380 1700 positae
402 1622 574 1701 intendunt,
598 1639 685 1698 quam
709 1621 788 1681 idem
812 1621 876 1685 ,iere
904 1619 1000 1679 valere
1024 1626 1113 1696 atque
1134 1618 1257 1678 verbum

168 1721 382 1781 substantivum
399 1717 484 1779 multi
499 1718 556 1778 ioci
570 1727 699 1797 arguunt
714 1718 792 1778 velut
805 1715 885 1777 XV6
901 1716 1010 1795 iegitur
1023 1716 1121 1777 mooe
1139 1723 1259 1776 centum

164 1820 264 1893 portis
290 1817 400 1876 obruto
427 1819 509 1875 iacet
540 1834 593 1894 pro
622 1815 719 1877 itote
739 1863 745 1876 .
765 1863 771 1874 .
792 1863 798 1874 .
818 1817 928 1876 obruto
956 1821 1017 1885 est‚·
1048 1832 1145 1893 neque
1174 1814 1259 1873 aliter

168 1933 204 1973 ex
223 1913 321 1974 verbis
345 1911 491 1973 luvenalis
515 1930 583 1973 com
606 1931 664 1987 quo
693 1917 800 1974 uitiato
828 1914 951 1972 iacebat
972 1929 1026 1971 nos
1056 1910 1158 1971 audire
1186 1919 1258 1991 puto

169 2029 290 2070 sensum
314 2030 333 2070 o
356 2028 415 2086 qno
438 2013 545 2070 uitiato
569 2017 644 2069 erut.
691 2009 770 2087 quod
794 2028 863 2069 vero
894 2011 1013 2070 notione
1038 2013 1147 2069 vittate
1170 2009 1258 2069 dirio-

168 2126 232 2168 rem
256 2108 326 2168 iacti
349 2109 478 2187 speciem
505 2106 598 2167 oculis
622 2109 748 2185 proponi
772 2107 875 2167 dicunt
893 2125 999 2166 vereor
1018 2124 1055 2165 ne
1076 2125 1108 2166 ea
1133 2107 1258 2166 lectione

168 2214 289 2285 accepta
313 2208 429 2284 species
452 2207 581 2284 ineptior
605 2222 692 2282 quam
717 2205 809 2264 dirior
832 2211 1029 2284 proponatur,
1057 2207 1167 2283 quippe
1191 2222 1259 2263 cum

168 2303 265 2364 eidem
294 2305 446 2364 enuntiato
474 2321 569 2381 poena
602 2304 735 2361 criminis
763 2304 920 2382 participio
948 2304 1089 2362 subituro
1122 2301 1259 2363 adiuncta

169 2403 219 2479 sit3
244 2401 280 2460 cs.
296 2400 429 2461 Goehelii
452 2400 541 2460 verba
563 2399 581 2458 l.
602 2418 626 2459 c.
646 2418 673 2477 p.
693 2397 750 2460 40:
774 2402 842 2460 Nur
860 2402 1007 2461 bedochte
1026 2404 1082 2460 der
1100 2401 1260 2461 deuderer

168 2500 261 2571 nicht,
280 2502 351 2558 does
365 2502 432 2558 eine
449 2499 580 2560 Vestalin
595 2493 760 2572 ‘sanquine
775 2501 876 2560 edituo
891 2503 956 2559 oioo
971 2504 1087 2558 terram
1101 2492 1258 2558 subituro’

93 2656 95 2661 .
168 2596 257 2656 deinc
280 2599 369 2656 rittos
392 2597 477 2657 metr
501 2600 609 2669 troept.

258 2727 296 2788 IV
314 2725 355 2789 97
782 2732 838 2790 sed
859 2732 927 2791 Olim
1271 2753 1338 2788 1vm.

210 2828 353 2903 prodiero
373 2844 436 2902 por
455 2833 499 2886 est
521 2843 597 2886 com
620 2827 776 2888 nobilitate
800 2833 947 2888 senectus.

170 2968 239 3012 cont
257 2949 328 3009 iahn
351 2951 509 3029 proposuit
526 2949 688 3011 Pithoeano
712 2958 779 3029 post
799 2957 843 3011 est
865 2967 998 3010 rasuram
1023 2949 1206 3031 ostendente,
1229 2951 1260 3009 in

170 3068 228 3128 qaia
255 3057 408 3109 corrector
435 3048 583 3128 supplevit
611 3053 650 3109 in.
697 3052 791 3111 secuti
822 3057 893 3109 sunt
916 3048 1047 3109 editores
1071 3068 1188 3130 omnes,
1219 3057 1260 3109 at·

169 3156 267 3208 tamen
286 3155 320 3208 ut
338 3166 441 3227 presse
462 3146 597 3207 adnotavi
617 3149 681 3207 voci
701 3166 770 3209 curo
785 3148 913 3227 spatium
933 3165 1054 3207 rasurae
1073 3148 1121 3207 vix
1145 3145 1260 3206 duobus

171 3244 310 3305 litterulis
334 3247 485 3305 sufficiens
504 3264 564 3306 non
589 3247 733 3305 convenit.
768 3246 892 3305 fortasse
912 3247 1056 3325 scriptum
1081 3252 1144 3304 erat
1168 3246 1260 3304 inobi-

172 3345 257 3402 litote
280 3349 309 3402 et
332 3349 489 3422 propterea
512 3351 683 3402 correctura
708 3342 792 3403 iacta.
838 3362 941 3404 verum
964 3342 1001 3403 de
1024 3342 1124 3402 mendi
1147 3344 1261 3401 ratione

172 3439 439 3518 quomodocunque
464 3441 568 3499 statuis
592 3443 623 3499 in
647 3442 803 3501 nobilitate
827 3459 927 3501 serves
952 3448 1078 3520 oportet.

261 3571 297 3631 IV
319 3569 381 3634 148
427 3579 580 3649 tamquam
603 3581 632 3635 ct
655 3576 782 3635 dirersis
801 3576 944 3650 portibus
967 3575 1049 3633 orbis
1272 3600 1300 3632 ιν
1312 3602 1351 3635 ne.

217 3674 315 3731 ontio
333 3674 502 3749 praecipiti
522 3674 651 3732 venisset
673 3675 802 3748 epistula
821 3675 927 3748 pinno.

173 3804 203 3857 et
229 3796 303 3856 ferri
330 3807 400 3855 non'
416 3813 503 3875 posse
532 3797 714 3858 recentiores
742 3794 873 3855 editores
901 3812 1003 3854 omnes
1031 3802 1261 3875 perspexerunt,

172 3912 356 3972 proposuere
385 3913 414 3973 e,
443 3912 475 3967 o,
504 3911 552 3967 cc,
584 3910 677 3953 unum
700 3892 852 3953 Weidneri
881 3912 920 3953 erc
949 3894 1115 3955 rationibus
1148 3893 1260 3973 palaeo-

173 3992 321 4070 graphicis
339 3992 449 4070 optime
469 3991 651 4069 respondere
670 4007 830 4069 agnoscere
850 3989 919 4050 iicet
939 4009 975 4050 ex
994 3991 1110 4052 tabulae
1130 3991 1261 4050 adiectae

173 4088 249 4150 linea
274 4087 294 4150 2
319 4097 348 4150 et
372 4087 401 4151 8.

261 4221 284 4278 V
310 4221 371 4285 169
418 4228 592 4300 intactoque
615 4243 715 4285 omnes
738 4226 895 4284 cistricto
916 4242 998 4300 pune
1021 4226 1162 4283 tacetis,
1272 4250 1340 4284 vno.

174 4348 251 4427 quod
268 4347 375 4410 Lubini
393 4349 584 4410 scribendum
603 4367 668 4409 esse
688 4350 804 4408 censuit
824 4351 943 4427 iuuetis,
966 4345 1089 4424 praebet
1107 4346 1171 4406 cod.
1185 4345 1262 4408 Pin.

1066 4446 1102 4501 ὃ*
