3038 4934
707 290 923 353 ’,70-

277 455 448 511 auctoritati
472 453 580 513 cedeus
605 456 656 530 qui
679 463 760 513 recte
780 452 863 512 Viud.
883 452 942 513 luv.
961 473 988 532 p.
1008 452 1028 512 9
1048 472 1085 513 ne
1109 453 1195 514 docto
1219 453 1291 511 artis
1314 469 1363 511 vu·

273 548 378 608 cabulo
410 552 514 610 tritum
543 559 573 610 et
600 553 741 610 usitatum
770 549 984 610 substituamus
1012 554 1138 631 monuit,
1167 553 1304 628 pulsanti
1326 548 1360 608 ad

273 644 499 724 explicationem
528 650 627 726 potius
656 665 743 725 quam
772 646 807 707 ad
837 647 942 708 lemma
966 649 1070 709 scholii
1093 652 1243 727 pertinere
1268 648 1363 725 suspi-

274 751 365 802 catus.
404 762 491 821 quam
516 743 673 804 lectionem
698 763 766 805 cum
789 744 860 804 lahn
884 748 970 806 otiam
996 749 1024 805 in
1045 749 1158 806 minore
1179 745 1306 806 editione
1327 745 1362 802 ad

274 840 381 900 lemma
405 842 516 902 referat
540 845 597 902 iam
622 842 770 921 quomodo
794 861 843 902 res
866 862 898 903 se
922 843 1027 903 habeat
1050 843 1136 904 nohis
1159 843 1363 903 demonstran-

273 937 421 999 domest.
471 940 603 1001 scholion
633 942 711 1000 enim
739 943 770 1001 in
799 941 874 1001 libro
899 942 985 1020 Sang.
1009 944 1048 1001 ita
1073 941 1242 1001 exhibetur:
1271 943 1363 1001 SAR-

274 1037 500 1097 nonnullas
515 1039 673 1098 antara.
697 1041 797 1115 crispo
808 1044 952 1116 pulsanti,
968 1043 1103 1101 aeburno
1118 1044 1234 1102 scilicet
1242 1043 1365 1117 pectine

277 1142 371 1212 etqsq.
396 1152 431 1193 ex
460 1153 518 1213 quo
548 1135 631 1195 lacile
660 1134 809 1213 colligitur
828 1141 967 1213 pulsanti
991 1156 1177 1217 nequaquam
1201 1137 1236 1198 ad
1259 1138 1365 1198 lemma

276 1232 477 1313 rerer-endum,
501 1241 704 1294 numerantur
726 1251 815 1293 uuam
835 1234 972 1296 omnihus
990 1236 1074 1296 libris
1092 1235 1245 1315 probatam
1264 1234 1366 1295 lectio·

275 1348 342 1390 nem
366 1348 439 1390 esse.

61 1483 63 1488 ·
156 1487 183 1520 γι
195 1479 266 1528 naa.
368 1461 403 1521 Vl
419 1460 482 1524 528
494 1483 536 1543 sq.
561 1466 702 1528 aMeroe
717 1469 854 1544 portabit
872 1486 977 1543 aquae,
996 1475 1030 1527 ut
1047 1474 1176 1544 sparpat
1193 1470 1225 1527 in
1244 1425 1368 1528 aeden

321 1562 419 1620 Isidis,

276 1697 307 1754 in
331 1696 436 1755 aedan
460 1712 599 1774 spargere
624 1696 771 1775 quomodo
796 1699 863 1775 quis
885 1698 980 1775 possit
1003 1697 1122 1758 difficile
1146 1706 1192 1758 est
1214 1695 1369 1757 intellectu

276 1795 334 1852 nisi
367 1793 442 1852 sorte
473 1804 540 1852 ante
572 1793 716 1873 templum
745 1793 910 1855 subsistens
939 1813 1045 1873 aquam
1075 1795 1218 1856 infundat.
1264 1813 1369 1856 verum

279 1892 405 1949 servavit
427 1889 450 1949 P
476 1892 527 1969 qui
555 1890 633 1950 clare
664 1895 694 1951 ln
722 1894 799 1952 uella
821 1892 944 1971 praehet
968 1911 1064 1971 neque
1089 1892 1167 1953 aliud
1191 1892 1262 1972 legit
1283 1892 1368 1953 scho-

278 1987 362 2048 liasta
386 1984 433 2048 ‘ut
456 1992 487 2049 in
510 1993 616 2066 templo
641 1991 732 2050 Isidis
754 1985 898 2066 sprarpnt'
921 1993 1143 2069 interpretatus,
1196 2072 1199 2077 ι

160 2135 267 2177 aaa
368 2111 404 2171 u
423 2110 541 2192 otasq.
655 2181 657 2185 ,

323 2215 424 2288 implet
446 2219 475 2272 et
498 2215 551 2273 illu
574 2221 713 2282 nanum
735 2219 782 2274 sat
800 2216 946 2289 narciae·
969 2232 1043 2275 aera
1066 2217 1179 2275 minuto

323 2313 557 2386 qualiacumque
580 2315 659 2372 uoles
683 2312 794 2373 Iudaei
815 2313 932 2372 somnia
956 2313 1096 2372 vendunt.

279 2442 367 2504 lectio
392 2447 493 2521 implet
515 2449 620 2506 atillo
644 2463 765 2506 nanurn
788 2445 923 2524 proiecto
949 2443 1021 2504 nihil
1045 2443 1134 2505 hahet
1158 2463 1216 2524 quo
1240 2446 1370 2526 offenda-

279 2560 356 2622 mur,
376 2549 495 2622 stupeas
514 2560 584 2603 vero
604 2545 751 2622 scriptura
771 2541 839 2603 libri
858 2543 880 2602 P
900 2561 991 2602 manu
1010 2549 1056 2603 set
1074 2545 1241 2603 accuratius
1259 2544 1371 2622 ponde-

280 2647 358 2719 rata,
388 2641 418 2698 iu
448 2657 507 2718 quo
536 2639 611 2699 libro
641 2658 677 2699 ex
705 2643 826 2719 antiquo
855 2640 1014 2719 archetypo
1038 2639 1166 2701 deducto
1189 2641 1317 2701 litteram
1341 2662 1372 2703 nn

281 2755 442 2816 numquam
470 2737 583 2816 virgula
612 2757 700 2817 supra
729 2741 838 2818 scripta
867 2738 1060 2816 significatam
1089 2756 1154 2799 esse
1179 2757 1268 2817 supra
1292 2741 1372 2800 altir-

281 2839 432 2898 mavimus.
473 2839 620 2915 integram
643 2848 677 2898 ut
700 2855 754 2916 ego
778 2845 849 2917 puto
873 2837 1030 2897 lectionem
1054 2838 1084 2896 in
1110 2835 1213 2897 scholii
1232 2836 1372 2898 lemmate

282 2936 427 3015 invenias,
461 2933 541 3014 quod
574 2952 694 3010 manns,
727 2953 787 2994 non
815 2943 849 2995 ut
876 2916 1068 2995 lahn'rclert
1096 2953 1217 2996 nanum
1239 2933 1372 3014 praebet.

284 3039 409 3111 uterque
442 3051 585 3093 numerus
618 3032 674 3093 hoc
703 3032 768 3093 loco
797 3033 871 3091 ferri
897 3040 1008 3112 potest,
1041 3033 1128 3092 cedas
1155 3050 1225 3092 vero
1253 3041 1373 3112 oportet

282 3133 403 3192 testium
431 3132 610 3210 optimorum
639 3131 820 3191 auctoritati:
848 3128 1056 3208 haplographia
1080 3133 1159 3190 enim
1183 3137 1281 3192 ortum
1305 3150 1372 3192 esse

283 3229 361 3307 quod
395 3230 425 3288 in
459 3227 565 3289 codP
598 3226 671 3306 legis
703 3245 795 3287 manu
823 3234 868 3288 aet
895 3245 949 3307 pro
979 3246 1087 3289 nanus
1113 3236 1160 3291 set
1186 3237 1307 3308 apparet
1335 3231 1373 3290 ci.

282 3326 319 3387 VI
338 3324 402 3388 603
426 3331 497 3389 lacu
520 3346 556 3388 sa
571 3374 577 3387 .
594 3375 599 3388 .
616 3375 621 3388 .
636 3344 691 3404 pro
715 3330 801 3387 lacus
823 3343 922 3403 saepe.

251 3488 267 3513 s·
372 3463 408 3522 Vl
429 3458 493 3524 605
504 3481 543 3523 ss.
714 3467 775 3521 stat
797 3462 936 3520 Fortuna
959 3461 1096 3536 improba
1119 3466 1212 3520 noctu

327 3562 473 3622 adridens
496 3562 586 3621 nudis
611 3557 778 3634 infantibus
801 3559 854 3619 hos
874 3556 957 3632 fouet
979 3560 1092 3618 omnis

327 3662 506 3733 invaluitque
527 3662 604 3719 sinu.

283 3786 379 3846 omnis
407 3783 479 3843 satis
506 3781 678 3859 languidum
702 3798 738 3840 ne
762 3779 858 3840 dicam
881 3781 1015 3859 ineptum
1038 3780 1104 3838 iure
1128 3777 1279 3858 displicuit
1302 3779 1374 3840 viris

283 3882 379 3941 doctis
406 3898 534 3958 quorum
562 3877 711 3939 Dausaulx
734 3875 865 3938 Ribbeck
889 3877 1030 3937 Weidner
1058 3875 1186 3956 denique
1210 3876 1280 3937 lahu
1309 3878 1374 3955 ipse

283 3981 314 4039 in
345 3978 436 4038 altera
469 3975 598 4037 editione
632 3996 647 4036 a
676 3976 840 4037 Marklandi
867 3975 1001 4055 partibus
1030 3976 1167 4035 steterint
1195 3975 1246 4053 qui
1276 3978 1375 4034 ulnis

284 4076 474 4138 scribendum
501 4093 566 4135 esse
593 4075 722 4136 censuit:
755 4073 878 4135 eandem
905 4075 1106 4134 coniecturam
1131 4072 1274 4133 Heinrich
1302 4090 1374 4151 quo·

285 4194 342 4253 que
366 4180 562 4254 proposuerat
592 4172 641 4248 (cl.
665 4175 730 4232 eius
754 4171 818 4231 adn.
839 4170 882 4232 ad.
910 4164 943 4253 l.)
972 4188 1073 4231 verum
1102 4173 1221 4231 invento
1249 4168 1299 4230 iilo
1327 4188 1375 4231 ac·

285 4280 370 4352 cepto
390 4289 427 4332 ne
445 4270 535 4331 verba
551 4270 635 4346 fouet
653 4273 774 4331 inuoluit
793 4272 919 4330 arctiore
939 4268 1059 4329 voculae
1078 4288 1149 4344 -que
1166 4267 1285 4329 vinculo
1304 4287 1374 4330 con-

283 4372 385 4431 iuncta
412 4368 628 4450 distrahantur,
656 4375 718 4428 tota
744 4369 842 4446 imago
871 4367 945 4428 male
974 4366 1112 4427 turbetur
1139 4384 1258 4449 uereor3
1285 4373 1376 4447 atque
