3038 4934
748 212 960 276 „30-

396 374 478 445 Quae
507 393 575 435 cnm
605 377 644 434 ita
674 392 705 433 se
729 373 856 433 habeant
884 393 970 434 nemo
995 380 1066 452 puto
1095 375 1166 451 quin
1195 375 1286 433 artior
1310 376 1401 434 etiam

309 490 397 550 quam
421 471 517 532 adhoc
541 474 677 550 cognitus
702 481 766 530 erat
789 489 920 531 conexus
943 473 1020 531 inter
1044 470 1136 530 libros
1160 472 1183 530 A
1207 480 1237 531 et
1260 471 1282 530 P
1307 473 1401 531 inter-

309 569 394 629 cedat
412 569 566 632 dubitabit.
605 587 671 629 nam
691 587 750 647 quo
775 578 807 629 tu
832 571 907 628 miro
931 576 1019 648 atquc
1043 569 1116 629 adeo
1137 570 1307 649 prodigioso
1327 588 1400 629 casu

309 668 417 727 lactum
434 685 499 726 esse
513 669 673 746 putaveris,
693 675 726 726 ut
745 676 824 727 tanta
845 667 1006 727 similitudo
1026 676 1107 728 tanta
1126 675 1267 728 externae
1287 668 1401 727 formae

310 783 448 825 versuum
473 773 503 824 et
527 764 706 824 scholiorum
731 764 854 842 singulis
878 765 956 824 loliis
975 767 1213 844 conscriptorum
1237 766 1398 826 concordia

245 919 247 922 a
308 863 411 923 effecta
436 859 495 922 sit?
533 865 643 922 etenim
668 865 693 922 si
717 864 837 923 tertium
858 865 945 922 etiam
970 865 1118 923 exstitisse
1139 863 1289 942 exemplar
1308 865 1400 923 linxe-

308 962 402 1020 rimus
426 960 578 1021 codicibus
598 964 621 1018 A
646 968 675 1020 et
695 959 717 1018 P
741 959 922 1019 simillimum
946 979 982 1020 ex
1011 980 1069 1040 quo
1093 961 1124 1020 hi
1148 960 1215 1021 libri
1238 963 1399 1021 accuratis-

309 1059 381 1117 sime
415 1057 556 1136 descripti
589 1059 661 1136 sint,
699 1056 889 1117 difficultates
921 1077 1024 1118 omnes
1062 1058 1172 1119 solutas
1210 1057 1303 1119 videri
1341 1077 1400 1117 non

310 1175 398 1236 nego,
434 1165 498 1216 tum
530 1173 600 1215 vero
633 1162 763 1215 statuere
796 1154 887 1215 debes
916 1154 990 1216 duos
1019 1155 1204 1217 diversorum
1232 1166 1402 1235 temporum

309 1253 445 1314 librarios
465 1254 614 1333 exemplar
632 1253 703 1313 illud
723 1255 762 1314 ita
786 1255 915 1313 imitatos
940 1272 1019 1332 esse,
1049 1263 1080 1314 ut
1104 1273 1207 1315 corum
1227 1252 1294 1313 libri
1319 1253 1399 1332 quod

310 1359 461 1411 externam
491 1351 615 1411 sormam
648 1352 753 1411 attinet
779 1368 872 1429 paene
901 1351 989 1410 iidem
1019 1352 1089 1413 lacti
1117 1355 1188 1432 sint,
1223 1353 1291 1412 licet
1321 1351 1403 1424 nulla

309 1451 428 1508 omnino
443 1451 517 1508 ratio
533 1451 610 1508 inter
625 1449 705 1527 ipsos
720 1446 938 1507 intercesserit!
962 1448 1036 1507 addo
1055 1448 1142 1509 aliud.
1169 1452 1197 1508 in
1217 1448 1280 1508 cod.
1297 1449 1319 1508 P
1335 1457 1404 1528 post

309 1565 349 1606 vs
366 1555 418 1607 sat.
433 1544 469 1605 lV
486 1543 547 1606 141
570 1564 674 1605 versus
689 1545 809 1624 quidam
825 1543 898 1604 male
913 1548 1058 1625 repetitus
1079 1555 1138 1626 est;
1157 1549 1256 1624 itaque
1276 1564 1403 1605 numero

309 1662 449 1704 versuum
478 1647 528 1723 qui
558 1643 681 1722 singulis
708 1645 822 1721 paginis
851 1642 1116 1726 conscribebantur
1145 1643 1262 1703 turbato
1286 1646 1316 1702 in
1346 1643 1400 1704 har

310 1743 414 1821 pagina
438 1749 552 1802 tantum
571 1738 613 1802 28
638 1759 697 1800 non
717 1735 759 1798 29
785 1757 887 1799 versus
911 1739 1058 1818 leguntur.
1105 1741 1196 1800 nihilo
1220 1743 1313 1801 setius
1336 1738 1404 1802 320

311 1839 372 1899 iere
401 1839 536 1900 versibus
565 1848 632 1918 pust
661 1840 857 1916 fragmentum
882 1836 921 1896 lll
945 1837 980 1897 ab
1009 1836 1111 1898 eodem
1142 1858 1200 1917 quo
1224 1838 1247 1897 P
1273 1837 1320 1897 iol.
1340 1834 1406 1898 33⁸

215 1940 220 1951 '
309 1956 398 1998 versu
421 1939 526 2016 incipit
550 1931 601 2020 (Vl
625 1931 700 2016 136)
729 1937 847 2011 Optimo
874 1944 919 1996 set
948 1954 1046 2010 quere
1069 1945 1144 2015 etqs.
1164 1955 1234 1997 num
1259 1936 1348 1995 etiam
1372 1936 1403 1994 in

310 2037 398 2094 tertio
413 2034 463 2093 illo
476 2034 636 2113 exemplari
651 2032 754 2092 eodem
768 2031 832 2090 loco
850 2052 967 2092 versum
983 2037 1143 2112 repetitum
1158 2053 1223 2094 esse
1236 2029 1407 2110 fingamus?

310 2132 445 2192 videmus
468 2135 567 2211 igitur,
591 2133 620 2191 in
645 2131 701 2191 hoc
725 2132 813 2191 tertio
838 2130 1007 2210 exemplari,
1031 2131 1109 2209 quod
1129 2133 1152 2190 A
1173 2142 1202 2192 et
1221 2130 1243 2190 P
1263 2130 1299 2190 ab
1322 2133 1406 2190 omni

310 2240 393 2309 parte
414 2231 506 2289 iorma
525 2229 603 2290 loliis
622 2227 758 2288 versibus
779 2235 808 2287 et
828 2227 948 2287 scholiis
967 2228 1090 2306 digestis
1110 2229 1292 2289 simillimum
1313 2229 1405 2288 luerit

311 2327 520 2388 constituendo
544 2329 680 2387 cautione
705 2344 780 2404 opus
806 2319 912 2406 esse.¹)

400 2424 477 2485 Sane
501 2425 620 2503 quidem
644 2441 748 2483 omnes
772 2421 961 2483 difficultates
985 2433 1205 2505 evanescerent,
1230 2426 1255 2483 si
1278 2425 1301 2482 A
1325 2423 1404 2483 exP

312 2524 456 2601 originem
476 2523 595 2583 duxisse
615 2531 746 2583 statuere
766 2539 930 2602 possemus,
950 2521 978 2581 id
999 2521 1077 2600 quod
1099 2540 1114 2581 a
1134 2525 1196 2582 veri
1220 2523 1319 2601 specie
1343 2540 1405 2581 non

311 2619 471 2680 abhorrere
496 2640 531 2681 cx
555 2622 591 2680 iis
621 2639 695 2700 quae
724 2627 809 2679 antea
833 2618 980 2696 disputavi
1004 2620 1088 2680 lacile
1112 2623 1258 2699 quispiam
1287 2621 1404 2680 coiciat.

311 2727 513 2779 verumtamen
543 2718 667 2797 siugulis
695 2716 872 2778 lectionibus
901 2721 1058 2796 utriusque
1087 2718 1156 2778 libri
1184 2728 1320 2778 accurate
1345 2717 1405 2777 col-

311 2816 379 2877 latis
398 2825 428 2877 ct
447 2819 619 2877 examinatis
638 2817 714 2877 hauc
734 2815 961 2895 explicationem
978 2815 1059 2876 nullo
1074 2825 1160 2894 pacto
1180 2815 1295 2877 admitti
1314 2834 1403 2895 posse

312 2913 383 2973 mihi
407 2917 550 2992 persuasi.
597 2933 663 2975 nam
688 2923 721 2975 ut
744 2917 877 2974 omittam
902 2915 932 2972 in
955 2913 978 2971 A
1003 2912 1146 2973 lectiones
1174 2912 1329 2973 nonnullas
1354 2932 1404 2972 ex-

312 3017 390 3069 stare
415 3028 490 3087 quae
510 3030 545 3070 ex
565 3010 634 3070 libri
652 3010 674 3069 P
694 3013 850 3088 scripturis
872 3008 1012 3088 explicari
1033 3020 1186 3088 nequeunt
1205 3008 1403 3072 velnt11164

312 3111 448 3182 ingentio
472 3107 495 3165 A
516 3110 644 3182 pectilia
668 3106 699 3185 P,
722 3103 825 3166 {1186
847 3124 945 3180 penus
964 3106 987 3165 A
1008 3125 1084 3181 uoens
1109 3107 1138 3186 P,
1162 3106 1282 3169 v1263
1307 3127 1403 3169 cursu

312 3215 403 3268 erunt
425 3209 447 3265 A
472 3213 617 3266 curvetur
640 3204 677 3282 P,
708 3203 742 3262 Vl
761 3199 827 3265 345
854 3205 999 3264 Claudius
1022 3205 1045 3263 A
1069 3209 1186 3266 clodius
1209 3204 1231 3264 P
1257 3240 1294 3249 -
1321 3209 1404 3266 inve-

314 3307 436 3364 niuntur
473 3301 522 3363 hic
555 3302 614 3361 illic
643 3302 719 3360 inA
750 3320 824 3380 quae
854 3300 971 3380 plenius
1002 3301 1047 3362 vel
1076 3305 1163 3363 etiam
1193 3306 1305 3365 rectius
1334 3322 1404 3363 con-

313 3403 424 3481 scripta
449 3410 519 3461 sunt
544 3418 631 3479 quam
656 3401 685 3458 in
710 3397 746 3478 P,
776 3401 854 3458 inter
878 3417 952 3477 quos
976 3399 1057 3459 locos
1081 3404 1299 3462 numeraverim
1324 3398 1404 3461 1116

313 3508 347 3560 ut
369 3517 428 3560 non
447 3499 470 3557 A
495 3506 529 3558 avt
551 3516 589 3558 no
610 3496 640 3577 P,
665 3495 701 3554 Vl
716 3492 779 3584 259
804 3499 881 3557 boec
901 3496 924 3554 A
943 3500 1002 3557 boe
1020 3497 1051 3575 P,
1078 3480 1207 3558 vn'13o
1227 3503 1285 3560 illis
1304 3517 1361 3559 om.
1381 3498 1404 3558 Ρ

313 3601 358 3657 illi
379 3597 416 3676 A,
448 3595 498 3654 Vll
525 3590 585 3654 157
615 3612 701 3654 nosse
729 3595 875 3653 celnntA
904 3613 991 3654 nosse
1018 3596 1165 3655 uoluntP
1196 3605 1276 3657 recte
1304 3601 1404 3671 velint,

315 3713 409 3772 neque
425 3695 523 3754 minus
539 3692 681 3752 lectiones
697 3689 839 3767 quaedam
855 3690 1038 3751 scholiorum
1055 3693 1217 3771 lragmenta
1232 3695 1404 3754 Aroviensia

313 3824 522 3833 ———-—---

351 3906 354 3910 ·
404 3895 429 3962 1)
449 3890 579 3945 Ceterum
598 3885 739 3955 scriptura
757 3887 817 3941 cod.
833 3887 978 3955 archetypi
993 3887 1166 3943 librorumA
1186 3890 1251 3943 ebP
1270 3892 1311 3945 ita
1330 3909 1404 3946 com-

313 3975 415 4043 parata
438 3973 500 4026 erat
522 3972 554 4023 ut
572 3969 582 4022 i
602 3970 631 4021 et
649 3970 662 4020 t
680 3967 763 4020 facile
783 3969 1022 4036 permutarentur:
1045 3969 1124 4022 velut
1146 3968 1199 4022 Vll
1215 3976 1247 4023 79
1271 3970 1404 4025 librarius

314 4055 373 4110 cod.
389 4055 414 4107 A
432 4056 522 4108 iaceat
539 4051 617 4105 recte
636 4048 715 4116 legit,
734 4046 764 4099 in
779 4046 872 4099 cod.P
887 4046 961 4099 male
981 4047 1117 4117 scriplum
1136 4050 1180 4100 est
1198 4056 1292 4104 tacent.
1330 4070 1404 4119 quae

314 4135 441 4189 confusio
459 4146 639 4201 nequaquam
653 4127 689 4180 ad
703 4126 814 4179 litteras
829 4127 926 4193 quales
942 4129 1053 4181 saeculo
1068 4145 1142 4181 nono
1157 4132 1405 4185 conscribebantur

315 4216 365 4269 sed
379 4218 474 4286 potius
490 4212 526 4267 ad
541 4210 709 4281 scripturam
723 4203 871 4271 nuciclam,
890 4221 974 4272 quam
989 4207 1061 4259 libro
1081 4206 1124 4260 illi
1143 4207 1296 4276 archetypo
1315 4209 1402 4264 fuisso

313 4296 387 4350 infra
406 4295 595 4366 ostendemus,
613 4285 761 4349 referenda
779 4285 830 4337 est.
