3038 4934
663 256 854 318 „7-

174 418 291 498 quidem
320 436 413 497 paene
440 437 557 496 omnes,
584 418 727 497 plurimas
756 417 979 502 Germaniae,
1011 421 1041 480 in
1075 419 1188 480 Gallia
1211 419 1344 481 Parisi-

173 549 263 614 nam3
292 533 421 612 denique
449 533 678 595 Vindobonae
707 536 737 595 in
767 534 840 595 urhe
869 535 931 595 lere
959 537 1053 614 patria
1082 554 1129 596 me
1158 537 1344 615 congessisse

175 667 250 728 quae
282 651 402 709 omnino
436 649 470 708 ad
500 651 680 728 provinciam
713 658 844 710 nostram
879 650 975 710 lacere
1009 650 1184 712 videbantur
1217 653 1344 712 reticere

148 765 250 827 'nolo.
299 784 357 844 tho
391 766 500 826 lactum
534 774 580 826 est
612 777 645 826 ut
677 784 736 826 non
770 765 865 826 solum
903 776 1075 845 apparatum
1107 769 1245 827 criticum
1282 767 1344 827 lere

93 932 94 939 ,
174 889 267 941 totum
278 875 303 963 ¹)
332 881 411 960 quali
437 881 509 941 lahn
539 899 612 942 usus
640 890 686 941 est
713 881 811 942 denuo
841 883 1018 960 conquirere
1048 890 1078 942 et
1101 885 1268 943 examinare
1293 882 1344 943 sed

173 999 261 1058 eliam
290 1005 323 1057 ut
352 1015 425 1056 nova
454 997 561 1057 auxilia
590 1015 687 1075 nuper
717 997 833 1057 detecta
862 1005 983 1058 strenue
1013 1006 1153 1059 excutere
1183 1000 1345 1081 potuerim3

172 1131 269 1193 neque
303 1131 407 1193 parum
435 1113 532 1173 valere
561 1115 591 1172 in
620 1112 674 1173 hac
702 1131 734 1173 re
764 1116 896 1174 omnium
925 1113 1061 1174 codicum
1090 1109 1256 1188 αὐτοψίαν
1286 1133 1345 1175 non

172 1247 231 1289 uno
255 1229 320 1289 loco
349 1229 425 1288 inlra
454 1231 604 1307 cognitum
629 1229 666 1288 iri
689 1237 770 1307 puto.
813 1231 959 1307 imprimis
987 1240 1085 1291 autem
1115 1230 1144 1290 id
1173 1232 1220 1310 egi
1249 1238 1281 1292 ut
1309 1231 1346 1291 de

173 1344 248 1404 libro
272 1343 443 1425 Pithoeano‚
466 1345 552 1404 crisis
575 1344 778 1405 luvenalianac
803 1345 889 1426 duce,
912 1363 1000 1425 quam
1023 1346 1194 1425 plenissime
1218 1356 1345 1407 testarer

174 1468 204 1520 ct
226 1459 404 1520 lectionibus
428 1461 553 1539 singulis
577 1461 734 1538 diligenter
758 1463 891 1521 excussis
915 1469 945 1522 et
964 1464 1056 1523 totius
1076 1463 1187 1524 codicis
1207 1472 1345 1524 accurata

173 1576 372 1656 descriptione
402 1579 631 1657 omnmunicata3
658 1579 688 1636 in
717 1595 775 1655 qua
804 1595 837 1637 re
862 1577 963 1638 multis
988 1597 1033 1638 me
1058 1587 1173 1657 gratum
1198 1578 1345 1638 facturum

142 1674 287 1771 'sperari
317 1691 414 1752 addita
445 1691 544 1752 tabula
575 1703 637 1752 arte
668 1692 974 1771 photolithographica
1006 1712 1145 1772 expressa
1180 1693 1344 1753 delineante

173 1808 276 1868 lolium
306 1807 373 1867 libri
405 1805 444 1869 13
469 1825 602 1888 versum,
636 1827 693 1887 quo
727 1808 906 1868 adminiculo
936 1817 965 1869 et
992 1810 1056 1888 ipse
1085 1810 1121 1870 de
1150 1810 1214 1869 eius
1243 1807 1344 1868 habitu

172 1933 296 1985 externo
321 1941 522 2003 manuumque
546 1932 642 1985 aetate
661 1923 835 1984 condicione
855 1923 1008 1984 erroribus
1027 1924 1142 1985 facilius
1162 1924 1344 2003 disputarem

172 2050 201 2101 et
234 2039 298 2101 aliis
331 2040 367 2099 de
400 2039 503 2099 eadem
536 2057 568 2098 re
602 2058 781 2118 cognoscere
816 2039 981 2101 volentibus
1015 2041 1129 2100 firmius
1162 2047 1192 2099 et
1223 2039 1345 2099 solidius

176 2155 383 2220 substruerem
405 2155 508 2215 iudicii
532 2155 767 2216 fundamentum.

261 2271 444 2351 Opusculum
467 2290 537 2331 vero
561 2273 746 2350 propositum
772 2254 951 2351 tripartitum
976 2289 1041 2330 esse
1065 2279 1099 2331 ut
1122 2271 1257 2331 iuberem
1280 2273 1344 2350 ipsa

174 2389 294 2449 materia
320 2387 461 2466 exigebat.
500 2395 588 2466 alque
613 2389 642 2446 in
667 2388 783 2466 prima
809 2387 927 2466 quidem
953 2395 1054 2466 parte
1075 2388 1193 2448 codices
1212 2385 1344 2446 melioris

173 2511 259 2563 notae
289 2502 426 2581 colligere
455 2512 591 2562 accurate
620 2502 790 2563 describere
814 2502 1075 2582 subsidiorumque
1102 2502 1227 2563 aliorum
1254 2502 1344 2562 sarra·

80 2608 84 2613 ’
172 2621 270 2697 ginem
290 2616 368 2678 unde
389 2621 449 2695 peti
469 2625 572 2696 posset
590 2618 739 2678 illustrare
759 2618 873 2699 studui;
888 2620 918 2678 in
937 2618 1050 2679 altera
1069 2627 1169 2679 textus
1190 2618 1343 2679 historiam

174 2735 312 2814 indagare
342 2732 454 2793 rivulos
482 2733 613 2812 singulos
643 2735 801 2795 memoriae
825 2735 963 2814 detegere
995 2736 1191 2814 codieumquc
1215 2737 1344 2796 rationes

172 2853 201 2912 in
240 2851 411 2910 universum
451 2849 546 2928 quoad
585 2849 680 2909 adhuc
713 2867 895 2928 cognoscere
932 2849 1004 2910 mihi
1037 2851 1161 2929 contigit
1194 2869 1342 2930 exponere

172 2975 295 3027 conatus
319 2983 393 3026 sum.
431 2965 624 3026 fundamento
648 2967 687 3026 ita
711 2964 847 3026 subiecto
870 2966 1014 3026 tertiam
1038 2973 1174 3045 partem
1194 2984 1342 3026 commen·

174 3081 271 3143 tarioli
299 3083 396 3142 critici
420 3080 534 3142 vicibus
559 3082 641 3160 iungi
666 3081 745 3142 volrxi
767 3083 797 3142 in
821 3101 881 3161 quo
906 3083 1066 3161 specimina
1089 3082 1250 3143 lectionum
1274 3100 1342 3142 con·

172 3216 309 3277 gererem
339 3216 414 3277 quae
438 3207 489 3258 aut
513 3216 572 3257 non
596 3206 678 3257 recte
701 3197 857 3277 hucusque
882 3201 1030 3278 exscripta
1054 3207 1104 3258 aut
1127 3200 1247 3258 omnino
1271 3215 1343 3256 non·

172 3314 242 3373 dnm
270 3316 386 3392 cognita
417 3322 510 3373 erant.
547 3322 636 3392 atque
664 3312 736 3373 haec
765 3315 952 3392 potissimum
982 3316 1038 3374 tria
1066 3315 1161 3392 capita
1192 3313 1227 3372 ad
1252 3313 1342 3372 crisin

172 3427 387 3488 luvenalianam
418 3430 581 3507 spectantia
611 3437 678 3489 ante
707 3431 803 3489 omnia
829 3429 980 3489 tractanda
1009 3438 1038 3490 et
1066 3429 1248 3507 expedienda
1276 3446 1342 3488 esse

173 3546 272 3623 [tutavi
297 3546 322 3603 si
346 3542 466 3622 quidem
489 3545 546 3604 rite
570 3544 731 3604 editionem
754 3562 930 3624 praeparare
955 3551 985 3604 el
1006 3545 1164 3604 instituere
1188 3543 1343 3606 vellemus:

173 3679 232 3720 non
252 3659 330 3739 quod
351 3659 512 3721 arbitrarer
532 3678 595 3720 rem
614 3661 660 3721 vel
679 3660 775 3741 aliqua
795 3670 933 3739 exparte
953 3678 967 3719 a
987 3677 1034 3719 me
1054 3660 1088 3719 ad
1108 3660 1197 3720 linem
1216 3659 1342 3739 perduc·

173 3787 230 3837 tam
256 3775 300 3836 vel
324 3775 489 3835 absolutam
513 3795 593 3858 esse,
615 3776 645 3836 id
670 3775 748 3855 quod
773 3794 853 3836 nuuc
877 3775 997 3853 quidem
1021 3794 1096 3855 quae
1120 3784 1166 3837 est
1189 3778 1261 3837 artis
1285 3778 1341 3836 cri·

265 3916 289 3982 1)
308 3911 441 3966 Nondum
460 3927 526 3965 vero
546 3911 655 3965 excussi
674 3911 799 3988 codicem
816 3910 1015 3980 bybliothecae
1034 3911 1190 3967 Vaticanae
1208 3911 1274 3966 Urb.
1290 3918 1341 3966 661

171 4005 200 4056 et
227 4000 352 4056 codicem
381 3999 578 4069 bybliothecae
603 3999 809 4054 Laurentianae
836 4000 906 4070 plut.
927 4000 1044 4054 XXXIV
1064 4009 1105 4056 42.
1144 4001 1230 4055 etiam
1253 3999 1341 4054 libros

170 4089 313 4146 Parisinos
339 4089 487 4159 quominus
512 4089 624 4158 penitus
649 4089 869 4159 pervestigarem
893 4092 1051 4160 temporum
1070 4090 1219 4160 angustiae
1239 4089 1341 4159 quibus

169 4179 286 4234 Parisiis
313 4179 462 4249 premebar
489 4177 695 4247 impediebant,
724 4195 814 4247 neque
842 4180 939 4232 tamen
961 4179 1006 4233 vel
1030 4196 1063 4233 ox
1088 4183 1219 4234 accurata
1241 4180 1342 4234 horum

171 4269 307 4323 librorum
330 4267 555 4338 perscrutatione
574 4267 647 4322 hanc
666 4266 889 4338 disputationem
906 4268 1028 4321 multum
1045 4267 1234 4337 profecturam
1253 4268 1340 4324 fuisse

171 4357 338 4429 putaverim,
357 4358 391 4412 cf.
412 4374 483 4426 quae
503 4356 577 4411 infra
596 4373 733 4427 exponam
752 4377 779 4427 p.
795 4364 871 4413 36ss.
